2924 4740
650 390 863 454 -52-

191 580 286 643 quam
309 561 418 627 subito
440 561 551 629 soleat
570 560 577 646 Ι
595 564 649 630 sel
673 571 761 630 crtus
786 614 793 629 .
819 615 825 628 .
850 566 945 647 2147

189 673 221 731 et
244 673 370 732 scatere
393 668 450 733 illa
472 668 560 734 feras
580 669 585 750 Ι
604 669 638 734 in
661 676 813 754 stuppam
836 671 977 750 semina3
1005 671 1103 753 6,896

191 771 223 835 in
247 774 412 858 speluncis
436 794 519 842 saxa
541 793 683 858 superne
707 773 833 842 Sudent
856 776 957 857 6942

190 877 388 944 Verberibus
411 879 500 946 venti
525 887 659 947 versant
679 883 684 964 Ι
703 882 925 965 planguntque
948 902 1006 965 per
1029 901 1136 947 auras.
1159 883 1265 965 elle.

191 1126 218 1171 e.
243 1105 379 1187 verbi,
411 1107 472 1170 rei
503 1105 700 1171 obiectae
728 1107 964 1190 propioris,
996 1108 1175 1173 aliarum
1198 1130 1331 1175 rerum

473 1210 736 1275 obiectarem
760 1211 1050 1296 adverbiique.

191 1402 368 1485 muralique
392 1409 489 1491 eaput
513 1422 669 1467 summum
690 1402 695 1488 Ι
715 1402 844 1468 cinxere
869 1422 999 1486 corona,
1023 1406 1120 1488 abbe

191 1507 336 1572 carmina
360 1514 458 1573 cantu
483 1507 719 1573 Concelebrare
743 1508 861 1588 5,l3l8

190 1611 315 1677 faciunt
336 1610 340 1695 Ι
360 1612 515 1676 flammae
537 1610 668 1695 fulgore
692 1612 817 1677 colores
840 1612 936 1694 6313

191 1723 223 1781 ct
244 1717 366 1800 pariter
389 1718 520 1782 mollem
541 1715 546 1800 Ι
566 1716 664 1781 malie
689 1716 861 1782 demittere
887 1718 1021 1783 barbam
1044 1720 1142 1801 uere

191 1841 273 1904 quae
298 1841 369 1886 cum
392 1840 517 1904 magna
539 1819 647 1885 modis
670 1821 783 1886 multis
806 1821 958 1887 miranda
981 1824 1107 1889 videtur
1132 1826 1225 1906 1,726

190 1945 249 1990 nec
271 1925 418 2008 potuisse
441 1926 661 2011 propagando
684 1926 869 2011 procudere
893 1929 1034 2010 prolem.
1058 1929 1155 2007 5‚853

194 2049 308 2096 rursus
331 2030 363 2094 in
388 2031 539 2115 antiquas
559 2032 565 2116 Ι
584 2032 773 2097 referuntur
794 2032 984 2115 religiones,
1008 2033 1082 2114 5,86

191 2142 223 2199 te
246 2134 371 2200 seciam
393 2136 509 2202 studeo
529 2137 534 2220 Ι
554 2136 739 2203 scribundis
762 2137 909 2202 versibus
933 2158 1004 2202 esse
1030 2140 1103 2219 1,24

192 2246 226 2302 ut
249 2259 316 2303 uox
338 2240 482 2305 terribili
503 2241 507 2323 Ι
527 2242 639 2306 terras
663 2241 802 2325 caligine
825 2242 911 2308 texit
934 2241 1030 2323 6,852

322 2447 561 2532 Appendix:
594 2471 623 2513 a.

194 2567 464 2634 Allitteratie
498 2570 714 2635 infinitivi
746 2571 864 2636 verbi
898 2591 985 2636 cum
1021 2591 1069 2635 ee
1103 2573 1336 2657 vocabule,

419 2674 467 2739 ad
497 2674 600 2759 quod
629 2676 818 2760 pertinet
848 2676 1109 2741 infinitivus

192 2866 381 2951 amplectier
403 2866 495 2933 ausis
518 2866 615 2949 5,728
637 2867 670 2931 in
695 2873 776 2931 extr.
800 2886 896 2931 versu

194 2974 360 3037 celebrare
384 2972 472 3055 cogit
495 2971 613 3054 erret
633 2973 638 3049 Ι
658 2971 747 3055 cogit
770 2972 935 3037 celebrare
959 2971 1084 3052 diebus

194 3094 328 3142 eernere
352 3094 464 3142 cessas
488 3078 770 3160 3‚1046,ccrnere
795 3077 902 3142 celent
925 3078 1030 3159 2315,
1066 3096 1198 3143 cernere
1230 3077 1336 3144 eredit

323 3182 429 3264 4,765‚
460 3200 596 3249 eernere
631 3188 761 3249 certant
795 3182 901 3264 5393,
938 3201 1070 3248 cernere
1105 3181 1317 3267 coeperunt}

323 3285 517 3352 contendere
540 3307 576 3352 se
599 3293 695 3370 atque
719 3307 846 3370 parare,
869 3287 964 3369 4‚806

212 3392 417 3473 lelarescere
441 3392 665 3472 conveniebat,
690 3391 810 3465 amoc

193 3495 340 3579 coepisse
364 3496 467 3560 creari
492 3496 588 3571 2,613
612 3497 645 3560 in
669 3501 750 3560 extr.
774 3515 857 3560 vere.

213 3602 217 3683 Ι
238 3601 287 3664 vis
312 3608 411 3685 cegat
434 3601 607 3667 concidere
630 3602 711 3685 ipsa,
736 3600 831 3681 6,758

193 3706 376 3771 consentire
400 3706 541 3770 animum
566 3707 659 3772 uobis
682 3707 715 3771 in
739 3722 875 3789 corpore
899 3706 1016 3772 cernis.
1040 3706 1136 3788 3‚169

193 3809 326 3876 eredere
349 3818 469 3894 cogunt
494 3810 588 3892 2,869
612 3811 645 3875 in
669 3817 751 3875 extr.
774 3832 804 3876 v.

193 3915 349 3981 mirarier
372 3915 506 3981 mittere
530 3915 647 3998 2,1029
668 3915 672 3999 Ι
693 3917 828 3981 mittant
851 3916 1004 3982 mirarier
1027 3937 1147 3982 omnes,

193 4020 301 4086 nixari
325 4025 489 4102 nequeunt
512 4019 608 4101 6,836
632 4019 684 4084 hie
707 4020 761 4084 ubi
784 4020 892 4085 nixari
914 4026 1077 4103 nequeunt
1097 4022 1102 4104 Ι

193 4146 330 4209 pascere
354 4131 491 4209 possunt
514 4125 609 4206 2419
633 4125 666 4188 iu
689 4131 771 4189 extr.
795 4147 824 4190 v.

193 4236 363 4313 penetrare
388 4227 457 4311 pati
481 4228 576 4311 5,353
601 4248 660 4294 nee
683 4235 857 4314 penetrare
881 4229 975 4314 patil
