2924 4740
709 358 751 424 32
796 397 836 407 ..

627 536 753 605 Liber
776 537 848 603 111.

206 678 255 741 71.
293 673 523 757 conduplicant
545 674 643 758 avidi,
668 675 805 741 caedem
829 673 934 740 caede
957 675 1198 738 accumulantes

293 778 447 845 Crudeles
471 780 615 863 gaudent
638 780 670 845 in
694 781 778 846 tristi
801 781 915 847 funere
933 778 1055 860 fratris,

205 884 256 948 85.
293 907 366 949 nam
399 885 462 948 iam
495 905 593 969 saepe
626 886 773 952 homines
804 885 944 970 patriam
969 904 1126 967 carosque
1149 890 1303 966 parentes

291 987 519 1070 Prodiderunt,
542 989 646 1055 vitare
670 990 850 1055 Acherusia
873 989 994 1071 templa
1015 993 1175 1072 petentes.

183 1093 257 1157 310.
292 1115 352 1158 nec
374 1093 530 1159 radicitus
553 1095 647 1161 evelli
672 1095 755 1159 male
778 1114 876 1178 posse
900 1091 1113 1177 putandumst

291 1198 373 1275 Quin
397 1198 574 1281 proclivius
598 1249 605 1264 .
630 1249 637 1264 .

185 1302 257 1367 767.
292 1323 395 1386 quove
418 1303 513 1368 modo
536 1304 656 1388 poterit
678 1304 802 1387 pariter
826 1324 897 1368 cum
921 1318 1058 1385 corpore
1082 1317 1216 1384 quoque

294 1407 492 1474 Confirmata
515 1409 657 1492 cupitum
681 1407 798 1473 aetatis
823 1413 958 1491 tangere
981 1406 1092 1472 fierem

185 1511 258 1577 843.
292 1514 337 1578 nil
360 1521 468 1578 tamen
492 1521 541 1579 est
564 1513 606 1578 ad
629 1534 700 1587 nos,
726 1513 780 1596 qui
804 1520 934 1596 comptu
958 1512 1176 1596 coniugioque

294 1616 448 1702 Corporis
471 1625 568 1702 atquc
592 1619 720 1685 animae
743 1618 953 1684 consistimus
977 1617 1082 1682 uniter
1105 1616 1183 1701 apti.

187 1721 259 1787 853.
295 1723 502 1807 praeteritum
526 1723 676 1807 spatium,
700 1728 767 1787 tum
790 1728 899 1788 motus
923 1722 1075 1788 materiai
1105 1792 1108 1796 ,

292 1827 494 1894 Multimodis
518 1848 613 1911 quam
640 1827 714 1909 sint,

626 1984 751 2052 Liber
774 1984 843 2053 IV.

188 2116 259 2180 113.
284 2121 471 2180 cunctarum
495 2136 591 2197 quam
614 2116 680 2182 sint
702 2114 835 2199 suptilia
857 2114 989 2198 percipe
1012 2113 1138 2198 paucis.

292 2218 437 2285 Primum
460 2219 614 2285 animalia
636 2227 712 2286 sunt
735 2269 743 2284 .
767 2270 774 2283 .
799 2269 806 2285 .
832 2270 839 2285 .

186 2323 259 2387 210.
296 2324 434 2406 ponitur,
460 2326 620 2407 extemplo
644 2325 734 2390 caelo
758 2325 909 2389 stellante
932 2340 1050 2388 serena

295 2425 411 2494 Sidera
433 2427 632 2511 respondent
654 2429 688 2493 in
712 2449 797 2511 aqua
820 2426 983 2492 radiantia
1006 2424 1134 2513 mundo.

187 2532 259 2598 344.
295 2538 376 2609 ater,
401 2532 551 2597 continuo
575 2553 681 2598 rerum
704 2533 882 2599 simulacra
904 2537 1067 2611 secuntur,

296 2636 386 2714 Quae
410 2638 478 2703 sita
501 2637 631 2703 suntin
654 2639 725 2703 luce
750 2686 758 2702 .
782 2687 790 2702 .

186 2741 261 2805 454.
294 2749 411 2808 nostra
434 2741 589 2825 videmur,
614 2750 646 2808 et
668 2742 702 2808 in
723 2741 833 2809 noctis
857 2740 999 2826 caligine
1023 2759 1124 2807 caeca

297 2847 436 2913 Cernere
460 2865 630 2912 censemus
655 2849 756 2912 solem
778 2848 949 2931 lumenque
976 2845 1133 2928 diurnum,

297 2951 518 3033 Conclusoque
541 2951 612 3016 loco
637 2952 761 3016 caelum
792 2970 885 3016 mare
909 2950 1041 3016 fiumina
1064 2949 1188 3016 montis

295 3053 421 3119 llutare
444 3061 476 3119 et
499 3073 631 3138 campus
656 3105 663 3120 .
689 3104 696 3120 .
722 3104 729 3120 .

188 3160 261 3225 469.
296 3162 380 3224 hunc
402 3159 503 3243 igitur
527 3163 647 3227 contra
670 3160 795 3226 mittam
818 3159 1021 3227 contendere
1045 3176 1177 3225 cautam

298 3265 360 3343 oui
384 3265 490 3349 capite
512 3266 583 3349 ipse
606 3286 666 3331 sua
690 3316 698 3331 .
723 3317 731 3332 .

191 3369 264 3434 665.
301 3377 536 3435 commutantur
558 3370 604 3435 ibi
626 3370 792 3454 positurae
815 3368 1062 3453 principiorum,

299 3474 341 3538 Ut
364 3477 461 3559 prius
485 3476 681 3540 adsensum
705 3526 712 3540 .
738 3526 745 3541 .

191 3580 264 3643 721.
301 3599 383 3661 quae
417 3581 565 3662 veniunt,
603 3580 742 3646 veniant
776 3579 810 3645 in
843 3586 981 3644 mentem
1016 3577 1148 3662 percipe
1184 3577 1309 3660 paucis.

299 3684 466 3768 Principio
489 3685 550 3750 hoc
574 3685 658 3759 dico,
684 3735 692 3749 .
717 3735 724 3750 .
750 3684 790 3749 cf.
817 3685 893 3748 113!

192 3788 264 3852 787.
300 3789 460 3855 cernimus
483 3789 516 3854 in
539 3789 661 3854 somnis
685 3796 716 3854 et
738 3788 855 3854 mollia
878 3788 1027 3854 membra
1048 3804 1184 3854 movere

300 3891 423 3975 llollia,
447 3894 615 3959 mobiliter
638 3913 710 3958 cum
735 3892 868 3958 alternis
892 3891 1046 3957 bracchia
1068 3891 1202 3959 mittunt

193 3998 265 4061 823.
301 3999 493 4082 prospicere
516 4006 551 4063 ut
573 4015 755 4082 possemus,
780 4006 811 4062 et
835 4005 870 4062 ut
893 3997 1044 4081 proferre
1069 4014 1223 4080 queamus

300 4104 466 4170 Proceros
489 4124 618 4187 passus,
641 4103 715 4169 ideo
738 4103 872 4186 fastigia
894 4120 995 4187 posse

301 4209 454 4278 Surarum
478 4230 516 4274 ac
539 4208 695 4274 feminum
717 4206 857 4296 pedibus
880 4205 1019 4272 fundata
1041 4204 1167 4294 plicari,
