2924 4740
627 374 818 439 ,5-

291 556 339 621 Ao
362 555 390 620 si
418 550 618 638 quaerimus,
651 555 757 614 utrum
788 556 953 629 auetores,
988 546 1074 632 quod
1103 547 1184 611 lines
1213 543 1299 609 illius

160 661 284 744 figurae
307 660 444 744 primum
468 656 661 723 constitutos
684 654 812 739 longius
830 655 1031 738 protulerunt
1054 659 1142 717 reete
1164 647 1300 714 iecerint

161 785 272 847 neone,
296 764 390 831 nobis
406 764 479 828 illos
502 766 590 827 reate
605 759 723 825 fecisse
739 757 946 824 iudicandum
970 765 1028 824 est.
1073 758 1157 822 Nam
1178 754 1205 821 si
1228 752 1300 837 quis

160 869 335 954 perlegerit
368 874 536 953 poetarum
569 875 713 930 veterum
746 864 934 953 Latinorum
970 884 1083 947 opera,
1117 863 1149 926 in
1184 860 1300 945 quibus

160 973 400 1040 allitterationis
423 991 516 1038 nsum
532 969 671 1035 maxime
694 968 843 1035 floruisse
860 974 998 1050 constat,
1021 968 1189 1050 intelleget
1211 966 1300 1030 illam

160 1078 297 1162 figuram
320 1078 354 1143 in
377 1077 449 1142 aliis
474 1095 599 1159 quoque
632 1073 787 1139 orationis
818 1073 965 1158 partibus
995 1079 1091 1156 atque
1120 1070 1153 1135 in
1177 1069 1301 1136 coordi-

161 1182 246 1246 natis
278 1182 430 1248 memhris
460 1178 730 1266 frequentissime
752 1199 825 1244 esse
858 1178 1053 1260 adhibitam,
1087 1176 1121 1241 id
1153 1173 1237 1260 quod
1267 1175 1301 1239 in

163 1286 302 1371 posteris
326 1287 547 1352 demonstrare
569 1304 666 1368 posse
689 1283 766 1348 mihi
789 1282 911 1348 videor.
937 1319 977 1328 -

292 1390 358 1456 Sed
379 1390 461 1455 haee
477 1389 645 1471 haetenus,
668 1408 753 1453 nuno
769 1386 812 1452 ad
829 1386 862 1451 id
878 1392 1053 1467 transeam,
1076 1382 1161 1469 quod
1184 1385 1217 1451 in
1240 1385 1302 1450 hao

161 1494 388 1559 dissertatione
412 1490 619 1558 tractandum
641 1491 718 1556 mihi
753 1476 919 1575 proposui.
943 1529 986 1537 -
1008 1489 1193 1574 Perlegenti
1216 1489 1301 1558 enim

161 1599 238 1664 mihi
261 1599 297 1663 Τ.
321 1597 463 1663 Lucretii
487 1597 562 1662 Cari
585 1595 625 1660 de
655 1616 761 1661 rerum
784 1603 901 1661 natura
931 1596 1111 1661 immortale
1134 1614 1214 1678 opus
1238 1615 1302 1659 non

162 1703 242 1769 satis
256 1723 429 1769 excussum
440 1702 517 1767 mihi
526 1702 697 1784 visumest,
712 1722 775 1785 qua
784 1702 909 1766 ratione
923 1721 999 1766 usus
1011 1700 1052 1764 sit
1062 1700 1300 1765 allitteratione.

161 1809 269 1886 Quare
299 1807 503 1872 instituturus
529 1827 600 1872 snm
629 1807 851 1890 quaestionem
880 1803 919 1871 de
949 1804 1190 1870 allitterationis
1215 1802 1302 1888 apud

162 1912 345 1979 Lucretium
369 1933 428 1977 usu
451 1934 489 1978 ao
512 1913 554 1978 vi.

292 2015 364 2095 Qua
384 2016 418 2081 in
443 2017 632 2100 quaestione
656 2016 822 2081 deforma
851 2015 1090 2080 allitterationis
1115 2013 1302 2079 Woelfflinii
1416 2002 1417 2007 ἵ

162 2141 279 2204 sequar
300 2127 485 2205 praecepta.
531 2121 646 2204 Itaque
672 2120 833 2186 vocalium
863 2141 926 2185 non
957 2122 1059 2187 solum
1083 2139 1103 2184 a
1126 2137 1166 2185 oe
1190 2138 1233 2185 aa
1257 2119 1303 2181 al-

161 2223 386 2304 litterationes,
404 2224 444 2288 de
461 2225 576 2308 quibus
593 2225 788 2309 disceptatio
807 2230 857 2289 est
872 2225 956 2289 inter
972 2223 1095 2306 doctos,
1116 2222 1303 2308 prohabiles

163 2337 194 2396 et
217 2351 258 2394 ex
281 2331 446 2395 voluntate
470 2338 586 2413 poetae
602 2351 674 2395 esse
692 2351 820 2411 oense0,
843 2329 901 2395 sed
921 2330 1017 2394 etiam
1035 2350 1100 2409 eas,
1126 2349 1208 2412 qnae
1224 2327 1303 2390 fiunt

164 2454 184 2500 a
206 2455 250 2501 au
271 2452 291 2501 ο
314 2434 491 2500 vocalibus.
537 2434 746 2501 Buohholdus
762 2435 891 2517 quidem
913 2434 953 2500 de
973 2456 992 2501 a
1010 2453 1050 2501 ae
1067 2433 1303 2499 allitteratiooi-

163 2542 222 2605 bus
246 2539 382 2622 dubitat,
406 2539 546 2624 Kviqala
570 2560 625 2605 eas
648 2541 775 2623 probat,
800 2540 885 2623 quod
909 2559 949 2607 ae
964 2540 1088 2622 Vergili
1105 2538 1303 2621 temporibus

163 2644 383 2729 diphthongus
407 2644 514 2726 farerit,
537 2644 708 2710 firmiorem
732 2652 839 2709 autem
864 2651 895 2710 et
918 2645 1124 2710 infirmiorem
1149 2643 1303 2707 allittera-

164 2749 283 2814 tionem
302 2749 355 2836 (ae
379 2770 428 2831 ae,
452 2770 493 2813 aa
517 2770 568 2832 au,
592 2771 612 2813 a
635 2770 683 2830 ae,
708 2771 728 2812 a
753 2749 807 2832 au)
830 2749 1011 2834 distinguit.
1057 2750 1106 2814 De
1123 2757 1303 2814 consonam

164 2854 241 2918 tium
267 2854 497 2920 allitteratione
531 2854 628 2920 hodie
663 2854 750 2919 haud
781 2854 878 2920 facile
902 2854 1027 2919 dubitet
1050 2855 1234 2937 quisquam,
1262 2877 1303 2918 an

163 2959 234 3044 pari
270 2959 334 3023 sint
363 2960 395 3024 vi
426 2960 673 3025 allitterationes
697 2982 714 3024 o
738 2981 779 3044 qu
811 2960 1065 3025 consonantium.
1112 2960 1251 3043 Kviqala
1273 2965 1305 3023 et

164 3063 371 3131 Buohholdus
388 3085 444 3129 eas
461 3064 681 3146 comprobant3
698 3062 912 3128 Woelfflinius
929 3064 961 3128 in
979 3063 1168 3146 quaestione
1199 3044 1307 3144 „liber

165 3169 217 3233 die
232 3168 362 3233 allitter.
379 3167 633 3250 Verbindungen
654 3168 686 3232 in
704 3167 735 3233 d.
751 3169 808 3233 lat.
827 3168 991 3251 Spraohe“
1014 3166 1172 3232 rationem
1196 3186 1304 3230 earum

164 3273 367 3354 nonhabet,
392 3271 504 3336 sedin
535 3271 756 3354 reoognitione
780 3272 901 3336 Kelleri
932 3271 1171 3336 dissertationis
1196 3269 1236 3334 de
1259 3270 1305 3334 al-

164 3376 362 3441 litteratione
378 3375 650 3458 (Grammatisolre
668 3376 832 3458 Auisatae7
850 3376 985 3459 Leipzig
1001 3375 1231 3460 raam-Archiv
1247 3375 1303 3438 IX.

165 3502 239 3565 pag.
264 3481 326 3544 571
345 3502 401 3545 eas
417 3481 494 3545 item
510 3480 720 3563 comprobare
736 3479 872 3544 videtur.
919 3481 989 3564 Ego
1006 3500 1062 3544 eas
1083 3481 1195 3563 probo,
1220 3479 1306 3562 quod

166 3585 252 3668 apud
275 3586 457 3651 Lucretium
482 3606 608 3668 quoque
637 3585 794 3650 eiusmodi
817 3586 1065 3651 allitterationes
1088 3587 1304 3651 inveniuntur.

166 3689 282 3754 Utrum
306 3697 412 3754 autem
436 3689 683 3754 allitterationes
707 3706 725 3753 o
748 3710 782 3772 g,
806 3689 984 3756 cuiusmodi
1004 3711 1100 3754 unum
1125 3690 1305 3772 exemplum

166 3792 399 3858 Thielmannus
421 3793 455 3858 in
478 3795 699 3878 recognitione
717 3794 948 3859 Woelffliniani
971 3795 1045 3859 libri
1069 3814 1109 3859 ex
1132 3793 1234 3856 linnio
1259 3802 1305 3856 at-

166 3900 238 3962 tulit
264 3899 387 3983 „gloria
410 3900 532 3964 elaret“
550 3899 736 3982 probabiles
761 3900 823 3963 sint
839 3921 951 3982 neone,
975 3900 1007 3963 in
1025 3898 1129 3964 medio
1148 3898 1306 3980 relinquo,

167 4003 1306 4088 eumelusmodiexemplumapudLueretiumnonirrvenerim‚nisiiorte

168 4107 366 4174 afferendum
390 4115 438 4173 est
461 4109 493 4172 in
517 4109 599 4174 libro
623 4111 662 4175 V.
686 4131 715 4174 v.
732 4110 796 4172 405
815 4109 966 4191 „Graium
990 4110 1134 4174 oeeinere
1158 4111 1304 4192 poetae‚“

168 4213 370 4301 quodetiam
393 4213 556 4299 positione
579 4220 654 4300 post
677 4233 844 4278 caesuram
868 4213 1035 4301 probabile
1052 4212 1164 4276 haberi
1189 4217 1305 4297 potest.
