<?xml version="1.0" encoding="UTF-8"?>
<!DOCTYPE html PUBLIC "-//W3C//DTD XHTML 1.0 Transitional//EN"
    "http://www.w3.org/TR/xhtml1/DTD/xhtml1-transitional.dtd">
<html xmlns="http://www.w3.org/1999/xhtml" xml:lang="en" lang="en">
 <head>
  <title>
</title>
<meta http-equiv="Content-Type" content="text/html;charset=utf-8" />
  <meta name='ocr-system' content='tesseract 3.04.00' />
  <meta name='ocr-capabilities' content='ocr_page ocr_carea ocr_par ocr_line ocrx_word'/>
</head>
<body>
  <div class='ocr_page' id='page_1' title='image "./deallitteration00schngoog_0063.png"; bbox 0 0 2924 4740; ppageno 0'>
   <div class='ocr_carea' id='block_1_1' title="bbox 159 819 1314 1258">
    <p class='ocr_par' dir='ltr' id='par_1_1' title="bbox 159 819 1314 1258">
     <span class='ocr_line' id='line_1_1' title="bbox 282 819 1314 952; baseline 0.051 -66"><span class='ocrx_word' id='word_1_1' title='bbox 282 819 479 937; x_wconf 33' lang='lat' dir='ltr'><strong>&#39;Transimus</strong></span> <span class='ocrx_word' id='word_1_2' title='bbox 509 859 593 908; x_wconf 91' lang='lat' dir='ltr'><strong>nunc</strong></span> <span class='ocrx_word' id='word_1_3' title='bbox 624 845 666 912; x_wconf 94' lang='lat' dir='ltr'><strong>ad</strong></span> <span class='ocrx_word' id='word_1_4' title='bbox 691 850 917 933; x_wconf 82' lang='lat' dir='ltr'><strong>gravissimam</strong></span> <span class='ocrx_word' id='word_1_5' title='bbox 948 863 1150 940; x_wconf 80' lang='lat' dir='ltr'><strong>quaestionis</strong></span> <span class='ocrx_word' id='word_1_6' title='bbox 1178 877 1314 952; x_wconf 88' lang='lat' dir='ltr'><strong>partem</strong></span> 
     </span>
     <span class='ocr_line' id='line_1_2' title="bbox 161 923 1314 1043; baseline 0.053 -62"><span class='ocrx_word' id='word_1_7' title='bbox 161 923 313 1042; x_wconf 78' lang='lat' dir='ltr'><strong>atquem</strong></span> <span class='ocrx_word' id='word_1_8' title='bbox 348 951 387 998; x_wconf 86' lang='grc'><strong>11</strong></span> <span class='ocrx_word' id='word_1_9' title='bbox 420 943 615 1015; x_wconf 90' lang='lat' dir='ltr'><strong>constituere</strong></span> <span class='ocrx_word' id='word_1_10' title='bbox 645 956 801 1039; x_wconf 88' lang='lat' dir='ltr'><strong>volumus,</strong></span> <span class='ocrx_word' id='word_1_11' title='bbox 837 977 932 1041; x_wconf 92' lang='lat' dir='ltr'><strong>quam</strong></span> <span class='ocrx_word' id='word_1_12' title='bbox 959 971 1048 1030; x_wconf 87' lang='lat' dir='ltr'><strong>recte</strong></span> <span class='ocrx_word' id='word_1_13' title='bbox 1079 988 1153 1036; x_wconf 89' lang='lat' dir='ltr'><strong>sese</strong></span> <span class='ocrx_word' id='word_1_14' title='bbox 1183 973 1314 1043; x_wconf 89' lang='lat' dir='ltr'><strong>habeat</strong></span> 
     </span>
     <span class='ocr_line' id='line_1_3' title="bbox 160 1030 1313 1152; baseline 0.051 -66"><span class='ocrx_word' id='word_1_15' title='bbox 160 1030 321 1143; x_wconf 74' lang='lat' dir='ltr'><strong>sententia</strong></span> <span class='ocrx_word' id='word_1_16' title='bbox 343 1056 364 1100; x_wconf 89' lang='grc'><strong>1</strong></span> <span class='ocrx_word' id='word_1_17' title='bbox 386 1060 437 1107; x_wconf 90' lang='lat' dir='ltr'><strong>me</strong></span> <span class='ocrx_word' id='word_1_18' title='bbox 460 1044 493 1111; x_wconf 95' lang='lat' dir='ltr'><strong>in</strong></span> <span class='ocrx_word' id='word_1_19' title='bbox 516 1048 609 1119; x_wconf 92' lang='lat' dir='ltr'><strong>initio</strong></span> <span class='ocrx_word' id='word_1_20' title='bbox 632 1055 726 1125; x_wconf 90' lang='lat' dir='ltr'><strong>huius</strong></span> <span class='ocrx_word' id='word_1_21' title='bbox 743 1060 982 1131; x_wconf 82' lang='lat' dir='ltr'><strong>dissertationis</strong></span> <span class='ocrx_word' id='word_1_22' title='bbox 1000 1071 1131 1152; x_wconf 89' lang='lat' dir='ltr'><strong>prolata</strong></span> <span class='ocrx_word' id='word_1_23' title='bbox 1147 1076 1313 1148; x_wconf 84' lang='lat' dir='ltr'><strong>allittera-</strong></span> 
     </span>
     <span class='ocr_line' id='line_1_4' title="bbox 159 1135 1312 1258; baseline 0.052 -66"><span class='ocrx_word' id='word_1_24' title='bbox 159 1135 279 1199; x_wconf 79' lang='lat' dir='ltr'><strong>tionem</strong></span> <span class='ocrx_word' id='word_1_25' title='bbox 300 1158 320 1203; x_wconf 92' lang='lat' dir='ltr'><strong>a</strong></span> <span class='ocrx_word' id='word_1_26' title='bbox 342 1147 448 1225; x_wconf 91' lang='lat' dir='ltr'><strong>poetis</strong></span> <span class='ocrx_word' id='word_1_27' title='bbox 471 1154 658 1245; x_wconf 90' lang='lat' dir='ltr'><strong>plerumque</strong></span> <span class='ocrx_word' id='word_1_28' title='bbox 681 1166 778 1233; x_wconf 88' lang='lat' dir='ltr'><strong>certis</strong></span> <span class='ocrx_word' id='word_1_29' title='bbox 801 1188 950 1234; x_wconf 88' lang='lat' dir='ltr'><strong>versuum</strong></span> <span class='ocrx_word' id='word_1_30' title='bbox 973 1173 1065 1258; x_wconf 91' lang='lat' dir='ltr'><strong>locis,</strong></span> <span class='ocrx_word' id='word_1_31' title='bbox 1096 1181 1187 1246; x_wconf 87' lang='lat' dir='ltr'><strong>utin</strong></span> <span class='ocrx_word' id='word_1_32' title='bbox 1210 1181 1312 1254; x_wconf 91' lang='lat' dir='ltr'><strong>initio</strong></span> 
     </span>
    </p>
   </div>
   <div class='ocr_carea' id='block_1_2' title="bbox 157 1233 1312 1988">
    <p class='ocr_par' dir='ltr' id='par_1_2' title="bbox 157 1233 1312 1988">
     <span class='ocr_line' id='line_1_5' title="bbox 158 1233 1312 1364; baseline 0.03 -45"><span class='ocrx_word' id='word_1_33' title='bbox 158 1254 198 1358; x_wconf 67' lang='lat'><strong>{²⁰</strong></span> <span class='ocrx_word' id='word_1_34' title='bbox 220 1233 293 1322; x_wconf 87' lang='lat' dir='ltr'><strong>fine,</strong></span> <span class='ocrx_word' id='word_1_35' title='bbox 316 1254 393 1316; x_wconf 81' lang='lat' dir='ltr'><strong>aute</strong></span> <span class='ocrx_word' id='word_1_36' title='bbox 418 1275 586 1328; x_wconf 89' lang='lat' dir='ltr'><strong>caesuram</strong></span> <span class='ocrx_word' id='word_1_37' title='bbox 604 1274 635 1331; x_wconf 89' lang='lat' dir='ltr'><strong>et</strong></span> <span class='ocrx_word' id='word_1_38' title='bbox 651 1278 724 1353; x_wconf 91' lang='lat' dir='ltr'><strong>post</strong></span> <span class='ocrx_word' id='word_1_39' title='bbox 741 1292 812 1336; x_wconf 91' lang='lat' dir='ltr'><strong>eam</strong></span> <span class='ocrx_word' id='word_1_40' title='bbox 828 1272 1007 1341; x_wconf 84' lang='lat' dir='ltr'><strong>adhibitam</strong></span> <span class='ocrx_word' id='word_1_41' title='bbox 1024 1299 1108 1364; x_wconf 89' lang='lat' dir='ltr'><strong>esse,</strong></span> <span class='ocrx_word' id='word_1_42' title='bbox 1132 1305 1312 1357; x_wconf 87' lang='lat' dir='ltr'><strong>caesuram</strong></span> 
     </span>
     <span class='ocr_line' id='line_1_6' title="bbox 158 1341 1312 1462; baseline 0.044 -51"><span class='ocrx_word' id='word_1_43' title='bbox 158 1346 244 1455; x_wconf 85' lang='lat' dir='ltr'><strong>mter</strong></span> <span class='ocrx_word' id='word_1_44' title='bbox 267 1341 330 1413; x_wconf 86' lang='lat' dir='ltr'><strong>duo</strong></span> <span class='ocrx_word' id='word_1_45' title='bbox 353 1364 410 1422; x_wconf 85' lang='lat' dir='ltr'><strong>aut</strong></span> <span class='ocrx_word' id='word_1_46' title='bbox 432 1362 526 1445; x_wconf 93' lang='lat' dir='ltr'><strong>plura</strong></span> <span class='ocrx_word' id='word_1_47' title='bbox 548 1372 707 1438; x_wconf 87' lang='lat' dir='ltr'><strong>vocabula</strong></span> <span class='ocrx_word' id='word_1_48' title='bbox 732 1377 962 1445; x_wconf 89' lang='lat' dir='ltr'><strong>allitteratione</strong></span> <span class='ocrx_word' id='word_1_49' title='bbox 989 1383 1162 1453; x_wconf 90' lang='lat' dir='ltr'><strong>coniuncta</strong></span> <span class='ocrx_word' id='word_1_50' title='bbox 1185 1392 1312 1462; x_wconf 87' lang='lat' dir='ltr'><strong>cadere</strong></span> 
     </span>
     <span class='ocr_line' id='line_1_7' title="bbox 159 1453 1310 1584; baseline 0.039 -66"><span class='ocrx_word' id='word_1_51' title='bbox 159 1453 257 1568; x_wconf 78' lang='lat' dir='ltr'><strong>atque</strong></span> <span class='ocrx_word' id='word_1_52' title='bbox 281 1453 545 1537; x_wconf 89' lang='lat' dir='ltr'><strong>allitterationem</strong></span> <span class='ocrx_word' id='word_1_53' title='bbox 569 1477 749 1546; x_wconf 87' lang='lat' dir='ltr'><strong>continuari</strong></span> <span class='ocrx_word' id='word_1_54' title='bbox 779 1483 811 1548; x_wconf 92' lang='lat' dir='ltr'><strong>iu</strong></span> <span class='ocrx_word' id='word_1_55' title='bbox 840 1485 943 1550; x_wconf 86' lang='lat' dir='ltr'><strong>altero</strong></span> <span class='ocrx_word' id='word_1_56' title='bbox 965 1506 1071 1571; x_wconf 87' lang='lat' dir='ltr'><strong>versu,</strong></span> <span class='ocrx_word' id='word_1_57' title='bbox 1103 1512 1175 1558; x_wconf 92' lang='lat' dir='ltr'><strong>cum</strong></span> <span class='ocrx_word' id='word_1_58' title='bbox 1205 1497 1310 1584; x_wconf 83' lang='lat' dir='ltr'><strong>longe</strong></span> 
     </span>
     <span class='ocr_line' id='line_1_8' title="bbox 158 1555 1311 1675; baseline 0.038 -50"><span class='ocrx_word' id='word_1_59' title='bbox 158 1555 298 1675; x_wconf 68' lang='lat' dir='ltr'><strong>plemma</strong></span> <span class='ocrx_word' id='word_1_60' title='bbox 321 1574 472 1657; x_wconf 83' lang='lat' dir='ltr'><strong>exempla</strong></span> <span class='ocrx_word' id='word_1_61' title='bbox 495 1578 655 1667; x_wconf 82' lang='lat' dir='ltr'><strong>duplicem</strong></span> <span class='ocrx_word' id='word_1_62' title='bbox 677 1586 728 1650; x_wconf 90' lang='lat' dir='ltr'><strong>vel</strong></span> <span class='ocrx_word' id='word_1_63' title='bbox 744 1588 954 1673; x_wconf 85' lang='lat' dir='ltr'><strong>multiplicem</strong></span> <span class='ocrx_word' id='word_1_64' title='bbox 971 1591 1237 1663; x_wconf 89' lang='lat' dir='ltr'><strong>allitterationem</strong></span> <span class='ocrx_word' id='word_1_65' title='bbox 1254 1601 1311 1670; x_wconf 85' lang='lat' dir='ltr'><strong>his</strong></span> 
     </span>
     <span class='ocr_line' id='line_1_9' title="bbox 157 1669 1310 1788; baseline 0.033 -53"><span class='ocrx_word' id='word_1_66' title='bbox 157 1669 240 1735; x_wconf 84' lang='lat' dir='ltr'><strong>locus</strong></span> <span class='ocrx_word' id='word_1_67' title='bbox 263 1669 447 1744; x_wconf 84' lang='lat' dir='ltr'><strong>ostendant.</strong></span> <span class='ocrx_word' id='word_1_68' title='bbox 494 1683 559 1752; x_wconf 84' lang='lat' dir='ltr'><strong>Sed</strong></span> <span class='ocrx_word' id='word_1_69' title='bbox 589 1710 651 1773; x_wconf 95' lang='lat' dir='ltr'><strong>quo</strong></span> <span class='ocrx_word' id='word_1_70' title='bbox 681 1692 796 1758; x_wconf 90' lang='lat' dir='ltr'><strong>melius</strong></span> <span class='ocrx_word' id='word_1_71' title='bbox 827 1694 879 1760; x_wconf 90' lang='lat' dir='ltr'><strong>hic</strong></span> <span class='ocrx_word' id='word_1_72' title='bbox 911 1715 987 1761; x_wconf 90' lang='lat' dir='ltr'><strong>usus</strong></span> <span class='ocrx_word' id='word_1_73' title='bbox 1018 1701 1310 1788; x_wconf 86' lang='lat' dir='ltr'><strong>exemplorumque</strong></span> 
     </span>
     <span class='ocr_line' id='line_1_10' title="bbox 159 1774 1310 1885; baseline 0.03 -42"><span class='ocrx_word' id='word_1_74' title='bbox 159 1790 311 1843; x_wconf 86' lang='lat' dir='ltr'><strong>numerus</strong></span> <span class='ocrx_word' id='word_1_75' title='bbox 335 1774 481 1872; x_wconf 81' lang='lat' dir='ltr'><strong>intellegi</strong></span> <span class='ocrx_word' id='word_1_76' title='bbox 508 1794 622 1877; x_wconf 91' lang='lat' dir='ltr'><strong>possit,</strong></span> <span class='ocrx_word' id='word_1_77' title='bbox 652 1794 711 1861; x_wconf 89' lang='lat' dir='ltr'><strong>hos</strong></span> <span class='ocrx_word' id='word_1_78' title='bbox 734 1798 823 1865; x_wconf 89' lang='lat' dir='ltr'><strong>locos</strong></span> <span class='ocrx_word' id='word_1_79' title='bbox 854 1799 896 1864; x_wconf 94' lang='lat' dir='ltr'><strong>ad</strong></span> <span class='ocrx_word' id='word_1_80' title='bbox 919 1800 1118 1885; x_wconf 83' lang='lat' dir='ltr'><strong>singulorum</strong></span> <span class='ocrx_word' id='word_1_81' title='bbox 1147 1805 1310 1877; x_wconf 91' lang='lat' dir='ltr'><strong>librorum</strong></span> 
     </span>
     <span class='ocr_line' id='line_1_11' title="bbox 158 1877 1118 1988; baseline 0.022 -36"><span class='ocrx_word' id='word_1_82' title='bbox 158 1877 303 1952; x_wconf 87' lang='lat' dir='ltr'><strong>ordinem</strong></span> <span class='ocrx_word' id='word_1_83' title='bbox 326 1899 583 1966; x_wconf 80' lang='lat' dir='ltr'><strong>commemorabo</strong></span> <span class='ocrx_word' id='word_1_84' title='bbox 606 1910 702 1983; x_wconf 85' lang='lat' dir='ltr'><strong>atque</strong></span> <span class='ocrx_word' id='word_1_85' title='bbox 727 1902 760 1968; x_wconf 91' lang='lat' dir='ltr'><strong>in</strong></span> <span class='ocrx_word' id='word_1_86' title='bbox 784 1904 923 1969; x_wconf 91' lang='lat' dir='ltr'><strong>medium</strong></span> <span class='ocrx_word' id='word_1_87' title='bbox 946 1905 1118 1988; x_wconf 83' lang='lat' dir='ltr'><strong>proferam.</strong></span> 
     </span>
    </p>
   </div>
   <div class='ocr_carea' id='block_1_3' title="bbox 641 2147 818 2218">
    <p class='ocr_par' dir='ltr' id='par_1_3' title="bbox 641 2147 818 2218">
     <span class='ocr_line' id='line_1_12' title="bbox 641 2147 818 2218; baseline 0 -4"><span class='ocrx_word' id='word_1_88' title='bbox 641 2147 766 2218; x_wconf 78' lang='lat' dir='ltr'><strong>Liber</strong></span> <span class='ocrx_word' id='word_1_89' title='bbox 788 2150 818 2217; x_wconf 87' lang='lat'><strong>1.</strong></span> 
     </span>
    </p>
   </div>
   <div class='ocr_carea' id='block_1_4' title="bbox 161 2325 1308 2721">
    <p class='ocr_par' dir='ltr' id='par_1_4' title="bbox 161 2325 1306 2424">
     <span class='ocr_line' id='line_1_13' title="bbox 161 2325 1306 2424; baseline 0.017 -28"><span class='ocrx_word' id='word_1_90' title='bbox 161 2352 191 2396; x_wconf 90' lang='grc'><strong>1.</strong></span> <span class='ocrx_word' id='word_1_91' title='bbox 222 2325 495 2399; x_wconf 88' lang='lat' dir='ltr'><strong>Allitteratio</strong></span> <span class='ocrx_word' id='word_1_92' title='bbox 524 2336 565 2402; x_wconf 90' lang='lat' dir='ltr'><strong>in</strong></span> <span class='ocrx_word' id='word_1_93' title='bbox 588 2339 728 2424; x_wconf 87' lang='lat' dir='ltr'><strong>priore</strong></span> <span class='ocrx_word' id='word_1_94' title='bbox 750 2338 1039 2422; x_wconf 90' lang='lat' dir='ltr'><strong>hemistichi0,</strong></span> <span class='ocrx_word' id='word_1_95' title='bbox 1069 2343 1177 2424; x_wconf 92' lang='lat' dir='ltr'><strong>quod</strong></span> <span class='ocrx_word' id='word_1_96' title='bbox 1200 2346 1306 2415; x_wconf 91' lang='lat' dir='ltr'><strong>fini-</strong></span> 
     </span>
    </p>

    <p class='ocr_par' dir='ltr' id='par_1_5' title="bbox 161 2444 1308 2530">
     <span class='ocr_line' id='line_1_14' title="bbox 161 2444 1308 2530; baseline 0.015 -28"><span class='ocrx_word' id='word_1_97' title='bbox 161 2444 228 2502; x_wconf 92' lang='lat' dir='ltr'><strong>tur</strong></span> <span class='ocrx_word' id='word_1_98' title='bbox 265 2453 445 2502; x_wconf 88' lang='lat' dir='ltr'><strong>caesura</strong></span> <span class='ocrx_word' id='word_1_99' title='bbox 483 2444 795 2528; x_wconf 86' lang='lat' dir='ltr'><strong>semiquinaria</strong></span> <span class='ocrx_word' id='word_1_100' title='bbox 833 2444 899 2510; x_wconf 88' lang='lat' dir='ltr'><strong>vel</strong></span> <span class='ocrx_word' id='word_1_101' title='bbox 939 2445 1308 2530; x_wconf 85' lang='lat' dir='ltr'><strong>semiseptenaria</strong></span> 
     </span>
    </p>

    <p class='ocr_par' dir='ltr' id='par_1_6' title="bbox 162 2540 1307 2721">
     <span class='ocr_line' id='line_1_15' title="bbox 162 2540 1307 2638; baseline 0.013 -29"><span class='ocrx_word' id='word_1_102' title='bbox 162 2541 228 2609; x_wconf 91' lang='lat' dir='ltr'><strong>vel</strong></span> <span class='ocrx_word' id='word_1_103' title='bbox 252 2561 312 2624; x_wconf 89' lang='lat' dir='ltr'><strong>ea,</strong></span> <span class='ocrx_word' id='word_1_104' title='bbox 338 2560 441 2624; x_wconf 85' lang='lat' dir='ltr'><strong>quae</strong></span> <span class='ocrx_word' id='word_1_105' title='bbox 464 2540 800 2632; x_wconf 72' lang='lat' dir='ltr'><strong>nominaturperci</strong></span> <span class='ocrx_word' id='word_1_106' title='bbox 815 2545 922 2636; x_wconf 77' lang='grc' dir='ltr'><strong><em>τρίτον</em></strong></span> <span class='ocrx_word' id='word_1_107' title='bbox 936 2551 1094 2635; x_wconf 76' lang='grc' dir='ltr'><strong><em>τροχαῖον,</em></strong></span> <span class='ocrx_word' id='word_1_108' title='bbox 1117 2556 1307 2638; x_wconf 87' lang='lat' dir='ltr'><strong>amplec-</strong></span> 
     </span>
     <span class='ocr_line' id='line_1_16' title="bbox 422 2651 1025 2721; baseline 0.007 -6"><span class='ocrx_word' id='word_1_109' title='bbox 422 2651 527 2718; x_wconf 89' lang='lat' dir='ltr'><strong>titur</strong></span> <span class='ocrx_word' id='word_1_110' title='bbox 549 2661 678 2720; x_wconf 90' lang='lat' dir='ltr'><strong>totum</strong></span> <span class='ocrx_word' id='word_1_111' title='bbox 701 2653 1025 2721; x_wconf 91' lang='lat' dir='ltr'><strong>hemistichium.</strong></span> 
     </span>
    </p>
   </div>
   <div class='ocr_carea' id='block_1_5' title="bbox 160 2844 1306 4292">
    <p class='ocr_par' dir='ltr' id='par_1_7' title="bbox 160 2844 1306 4292">
     <span class='ocr_line' id='line_1_17' title="bbox 292 2844 1306 2934; baseline 0.012 -26"><span class='ocrx_word' id='word_1_112' title='bbox 292 2845 343 2908; x_wconf 89' lang='grc'><strong>27.</strong></span> <span class='ocrx_word' id='word_1_113' title='bbox 378 2844 528 2910; x_wconf 89' lang='lat' dir='ltr'><strong>omnihus</strong></span> <span class='ocrx_word' id='word_1_114' title='bbox 559 2854 718 2927; x_wconf 89' lang='lat' dir='ltr'><strong>ornatum,</strong></span> <span class='ocrx_word' id='word_1_115' title='bbox 750 2846 802 2911; x_wconf 95' lang='grc'><strong>59.</strong></span> <span class='ocrx_word' id='word_1_116' title='bbox 833 2844 1004 2911; x_wconf 86' lang='lat' dir='ltr'><strong>reddunda</strong></span> <span class='ocrx_word' id='word_1_117' title='bbox 1029 2846 1225 2934; x_wconf 89' lang='lat' dir='ltr'><strong>iuratione,</strong></span> <span class='ocrx_word' id='word_1_118' title='bbox 1250 2854 1306 2924; x_wconf 89' lang='grc'><strong>86.</strong></span> 
     </span>
     <span class='ocr_line' id='line_1_18' title="bbox 161 2947 1305 3037; baseline 0.01 -23"><span class='ocrx_word' id='word_1_119' title='bbox 161 2948 313 3017; x_wconf 86' lang='lat' dir='ltr'><strong>ductores</strong></span> <span class='ocrx_word' id='word_1_120' title='bbox 335 2947 483 3012; x_wconf 84' lang='lat' dir='ltr'><strong>Danaum</strong></span> <span class='ocrx_word' id='word_1_121' title='bbox 505 2947 509 3034; x_wconf 87' lang='grc' dir='ltr'>Ι</span> <span class='ocrx_word' id='word_1_122' title='bbox 529 2949 657 3032; x_wconf 88' lang='lat' dir='ltr'><strong>delecti,</strong></span> <span class='ocrx_word' id='word_1_123' title='bbox 681 2951 732 3014; x_wconf 83' lang='lat'><strong>97.</strong></span> <span class='ocrx_word' id='word_1_124' title='bbox 749 2948 894 3037; x_wconf 83' lang='lat' dir='ltr'><strong>perlecto</strong></span> <span class='ocrx_word' id='word_1_125' title='bbox 913 2957 1035 3032; x_wconf 86' lang='lat' dir='ltr'><strong>posset,</strong></span> <span class='ocrx_word' id='word_1_126' title='bbox 1054 2952 1125 3018; x_wconf 84' lang='grc'><strong>163.</strong></span> <span class='ocrx_word' id='word_1_127' title='bbox 1151 2966 1305 3026; x_wconf 89' lang='lat' dir='ltr'><strong>armenta</strong></span> 
     </span>
     <span class='ocr_line' id='line_1_19' title="bbox 162 3051 1285 3147; baseline 0.007 -28"><span class='ocrx_word' id='word_1_128' title='bbox 162 3059 258 3136; x_wconf 90' lang='lat' dir='ltr'><strong>atque</strong></span> <span class='ocrx_word' id='word_1_129' title='bbox 281 3054 376 3134; x_wconf 84' lang='lat' dir='ltr'><strong>aliae,</strong></span> <span class='ocrx_word' id='word_1_130' title='bbox 401 3051 473 3118; x_wconf 87' lang='grc'><strong>250.</strong></span> <span class='ocrx_word' id='word_1_131' title='bbox 497 3060 661 3137; x_wconf 88' lang='lat' dir='ltr'><strong>postremo</strong></span> <span class='ocrx_word' id='word_1_132' title='bbox 677 3061 823 3138; x_wconf 89' lang='lat' dir='ltr'><strong>pereunt,</strong></span> <span class='ocrx_word' id='word_1_133' title='bbox 845 3052 918 3117; x_wconf 90' lang='grc'><strong>294.</strong></span> <span class='ocrx_word' id='word_1_134' title='bbox 944 3053 1123 3137; x_wconf 89' lang='lat' dir='ltr'><strong>corripiunt</strong></span> <span class='ocrx_word' id='word_1_135' title='bbox 1140 3060 1258 3144; x_wconf 83' lang='lat' dir='ltr'><strong>rapide</strong></span> <span class='ocrx_word' id='word_1_136' title='bbox 1279 3065 1285 3147; x_wconf 84' lang='grc' dir='ltr'>Ι</span> 
     </span>
     <span class='ocr_line' id='line_1_20' title="bbox 161 3158 1304 3247; baseline 0.008 -21"><span class='ocrx_word' id='word_1_137' title='bbox 161 3159 294 3241; x_wconf 84' lang='lat' dir='ltr'><strong>rotanti,</strong></span> <span class='ocrx_word' id='word_1_138' title='bbox 318 3158 392 3224; x_wconf 85' lang='grc'><strong>318.</strong></span> <span class='ocrx_word' id='word_1_139' title='bbox 416 3175 516 3242; x_wconf 83' lang='lat' dir='ltr'><strong>saepe</strong></span> <span class='ocrx_word' id='word_1_140' title='bbox 539 3160 747 3242; x_wconf 83' lang='lat' dir='ltr'><strong>salutantum,</strong></span> <span class='ocrx_word' id='word_1_141' title='bbox 770 3159 843 3223; x_wconf 82' lang='grc'><strong>328.</strong></span> <span class='ocrx_word' id='word_1_142' title='bbox 872 3158 1060 3242; x_wconf 87' lang='lat' dir='ltr'><strong>corporibus</strong></span> <span class='ocrx_word' id='word_1_143' title='bbox 1084 3163 1202 3247; x_wconf 88' lang='lat' dir='ltr'><strong>caecis,</strong></span> <span class='ocrx_word' id='word_1_144' title='bbox 1226 3167 1304 3236; x_wconf 84' lang='grc'><strong>337.</strong></span> 
     </span>
     <span class='ocr_line' id='line_1_21' title="bbox 161 3262 1304 3349; baseline 0.007 -17"><span class='ocrx_word' id='word_1_145' title='bbox 161 3264 292 3333; x_wconf 84' lang='lat' dir='ltr'><strong>officere</strong></span> <span class='ocrx_word' id='word_1_146' title='bbox 316 3272 412 3348; x_wconf 91' lang='lat' dir='ltr'><strong>atque</strong></span> <span class='ocrx_word' id='word_1_147' title='bbox 435 3264 579 3344; x_wconf 88' lang='lat' dir='ltr'><strong>obstare,</strong></span> <span class='ocrx_word' id='word_1_148' title='bbox 602 3265 676 3330; x_wconf 83' lang='lat'>341.</span> <span class='ocrx_word' id='word_1_149' title='bbox 707 3264 820 3330; x_wconf 90' lang='lat' dir='ltr'><strong>multa</strong></span> <span class='ocrx_word' id='word_1_150' title='bbox 843 3262 951 3330; x_wconf 89' lang='lat' dir='ltr'><strong>modis</strong></span> <span class='ocrx_word' id='word_1_151' title='bbox 974 3265 1106 3349; x_wconf 90' lang='lat' dir='ltr'><strong>multis,</strong></span> <span class='ocrx_word' id='word_1_152' title='bbox 1127 3267 1201 3335; x_wconf 90' lang='grc'><strong>460.</strong></span> <span class='ocrx_word' id='word_1_153' title='bbox 1226 3293 1304 3340; x_wconf 90' lang='lat' dir='ltr'><strong>con-</strong></span> 
     </span>
     <span class='ocr_line' id='line_1_22' title="bbox 161 3368 1303 3456; baseline 0.008 -19"><span class='ocrx_word' id='word_1_154' title='bbox 161 3370 308 3454; x_wconf 87' lang='lat' dir='ltr'><strong>sequitur</strong></span> <span class='ocrx_word' id='word_1_155' title='bbox 329 3387 456 3453; x_wconf 87' lang='lat' dir='ltr'><strong>sensus,</strong></span> <span class='ocrx_word' id='word_1_156' title='bbox 491 3369 565 3435; x_wconf 87' lang='grc'><strong>475.</strong></span> <span class='ocrx_word' id='word_1_157' title='bbox 598 3371 687 3436; x_wconf 90' lang='grc'><strong>11111</strong></span> <span class='ocrx_word' id='word_1_158' title='bbox 710 3368 947 3436; x_wconf 88' lang='lat' dir='ltr'><strong>accendisset.</strong></span> <span class='ocrx_word' id='word_1_159' title='bbox 972 3419 980 3434; x_wconf 90' lang='lat'><strong>.</strong></span> <span class='ocrx_word' id='word_1_160' title='bbox 1005 3373 1194 3456; x_wconf 89' lang='lat' dir='ltr'><strong>certamine,</strong></span> <span class='ocrx_word' id='word_1_161' title='bbox 1226 3377 1303 3447; x_wconf 88' lang='grc'><strong>478.</strong></span> 
     </span>
     <span class='ocr_line' id='line_1_23' title="bbox 160 3473 1303 3559; baseline 0.005 -18"><span class='ocrx_word' id='word_1_162' title='bbox 160 3475 402 3559; x_wconf 82' lang='lat' dir='ltr'><strong>perspicerent</strong></span> <span class='ocrx_word' id='word_1_163' title='bbox 431 3473 550 3558; x_wconf 85' lang='lat' dir='ltr'><strong>possis,</strong></span> <span class='ocrx_word' id='word_1_164' title='bbox 581 3473 654 3539; x_wconf 89' lang='grc'><strong>566.</strong></span> <span class='ocrx_word' id='word_1_165' title='bbox 686 3489 826 3558; x_wconf 88' lang='lat' dir='ltr'><strong>corpora</strong></span> <span class='ocrx_word' id='word_1_166' title='bbox 849 3491 921 3539; x_wconf 93' lang='lat' dir='ltr'><strong>curn</strong></span> <span class='ocrx_word' id='word_1_167' title='bbox 943 3481 1105 3558; x_wconf 86' lang='lat' dir='ltr'><strong>constant,</strong></span> <span class='ocrx_word' id='word_1_168' title='bbox 1137 3477 1212 3544; x_wconf 89' lang='grc'><strong>591.</strong></span> <span class='ocrx_word' id='word_1_169' title='bbox 1243 3481 1303 3548; x_wconf 91' lang='lat' dir='ltr'><strong>im-</strong></span> 
     </span>
     <span class='ocr_line' id='line_1_24' title="bbox 163 3576 1302 3666; baseline 0.007 -22"><span class='ocrx_word' id='word_1_170' title='bbox 163 3576 360 3666; x_wconf 89' lang='lat' dir='ltr'><strong>mutabili(s)</strong></span> <span class='ocrx_word' id='word_1_171' title='bbox 384 3578 553 3661; x_wconf 90' lang='lat' dir='ltr'><strong>materiae,</strong></span> <span class='ocrx_word' id='word_1_172' title='bbox 577 3578 652 3645; x_wconf 90' lang='grc'><strong>616.</strong></span> <span class='ocrx_word' id='word_1_173' title='bbox 676 3594 815 3661; x_wconf 89' lang='lat' dir='ltr'><strong>corpora</strong></span> <span class='ocrx_word' id='word_1_174' title='bbox 842 3579 1040 3647; x_wconf 88' lang='lat' dir='ltr'><strong>constabunt</strong></span> <span class='ocrx_word' id='word_1_175' title='bbox 1062 3579 1103 3645; x_wconf 85' lang='lat' dir='ltr'><strong>cl.</strong></span> <span class='ocrx_word' id='word_1_176' title='bbox 1127 3582 1201 3664; x_wconf 86' lang='grc'><strong>566,</strong></span> <span class='ocrx_word' id='word_1_177' title='bbox 1226 3586 1302 3656; x_wconf 88' lang='grc'><strong>629.</strong></span> 
     </span>
     <span class='ocr_line' id='line_1_25' title="bbox 162 3681 1304 3768; baseline 0.01 -19"><span class='ocrx_word' id='word_1_178' title='bbox 162 3700 281 3768; x_wconf 86' lang='lat' dir='ltr'><strong>eogere</strong></span> <span class='ocrx_word' id='word_1_179' title='bbox 305 3690 506 3765; x_wconf 83' lang='lat' dir='ltr'><strong>consuesset,</strong></span> <span class='ocrx_word' id='word_1_180' title='bbox 521 3683 595 3748; x_wconf 89' lang='grc'><strong>681.</strong></span> <span class='ocrx_word' id='word_1_181' title='bbox 618 3690 715 3766; x_wconf 88' lang='lat' dir='ltr'><strong>atque</strong></span> <span class='ocrx_word' id='word_1_182' title='bbox 745 3682 810 3747; x_wconf 90' lang='lat' dir='ltr'><strong>alio</strong></span> <span class='ocrx_word' id='word_1_183' title='bbox 833 3681 986 3766; x_wconf 87' lang='lat' dir='ltr'><strong>adtribui,</strong></span> <span class='ocrx_word' id='word_1_184' title='bbox 1006 3683 1079 3749; x_wconf 89' lang='grc'><strong>697.</strong></span> <span class='ocrx_word' id='word_1_185' title='bbox 1103 3693 1214 3755; x_wconf 83' lang='grc'><strong>111111</strong></span> <span class='ocrx_word' id='word_1_186' title='bbox 1236 3712 1304 3761; x_wconf 90' lang='lat' dir='ltr'><strong>nou</strong></span> 
     </span>
     <span class='ocr_line' id='line_1_26' title="bbox 163 3788 1301 3876; baseline 0.011 -22"><span class='ocrx_word' id='word_1_187' title='bbox 163 3788 266 3854; x_wconf 89' lang='lat' dir='ltr'><strong>eredit</strong></span> <span class='ocrx_word' id='word_1_188' title='bbox 289 3840 296 3854; x_wconf 93' lang='lat'><strong>.</strong></span> <span class='ocrx_word' id='word_1_189' title='bbox 321 3838 329 3855; x_wconf 88' lang='lat'><strong>.</strong></span> <span class='ocrx_word' id='word_1_190' title='bbox 353 3790 453 3870; x_wconf 88' lang='lat' dir='ltr'><strong>clara,</strong></span> <span class='ocrx_word' id='word_1_191' title='bbox 478 3788 549 3855; x_wconf 88' lang='grc'><strong>799.</strong></span> <span class='ocrx_word' id='word_1_192' title='bbox 580 3804 719 3873; x_wconf 85' lang='lat' dir='ltr'><strong>corpora</strong></span> <span class='ocrx_word' id='word_1_193' title='bbox 749 3788 929 3855; x_wconf 82' lang='lat' dir='ltr'><strong>constituas</strong></span> <span class='ocrx_word' id='word_1_194' title='bbox 954 3841 960 3854; x_wconf 95' lang='lat'><em>.</em></span> <span class='ocrx_word' id='word_1_195' title='bbox 985 3839 993 3854; x_wconf 91' lang='lat'><strong>.</strong></span> <span class='ocrx_word' id='word_1_196' title='bbox 1017 3838 1025 3854; x_wconf 87' lang='lat'><strong>.</strong></span> <span class='ocrx_word' id='word_1_197' title='bbox 1050 3792 1201 3876; x_wconf 86' lang='lat' dir='ltr'><strong>crearint,</strong></span> <span class='ocrx_word' id='word_1_198' title='bbox 1226 3796 1301 3866; x_wconf 82' lang='lat'><strong>837.</strong></span> 
     </span>
     <span class='ocr_line' id='line_1_27' title="bbox 164 3893 1303 3985; baseline 0.009 -25"><span class='ocrx_word' id='word_1_199' title='bbox 164 3895 349 3961; x_wconf 83' lang='lat' dir='ltr'><strong>uisceribus</strong></span> <span class='ocrx_word' id='word_1_200' title='bbox 369 3895 493 3973; x_wconf 81' lang='lat' dir='ltr'><strong>riscus,</strong></span> <span class='ocrx_word' id='word_1_201' title='bbox 517 3896 589 3960; x_wconf 87' lang='grc'><strong>842.</strong></span> <span class='ocrx_word' id='word_1_202' title='bbox 614 3899 723 3961; x_wconf 84' lang='grc'><strong>111111</strong></span> <span class='ocrx_word' id='word_1_203' title='bbox 739 3893 908 3977; x_wconf 89' lang='lat' dir='ltr'><strong>consimili,</strong></span> <span class='ocrx_word' id='word_1_204' title='bbox 927 3894 999 3959; x_wconf 90' lang='grc'><strong>844.</strong></span> <span class='ocrx_word' id='word_1_205' title='bbox 1023 3897 1175 3965; x_wconf 87' lang='lat' dir='ltr'><strong>concedit</strong></span> <span class='ocrx_word' id='word_1_206' title='bbox 1196 3921 1303 3985; x_wconf 89' lang='lat' dir='ltr'><strong>neque</strong></span> 
     </span>
     <span class='ocr_line' id='line_1_28' title="bbox 163 3999 1302 4091; baseline 0.005 -24"><span class='ocrx_word' id='word_1_207' title='bbox 163 4000 363 4085; x_wconf 87' lang='lat' dir='ltr'><strong>corporibus,</strong></span> <span class='ocrx_word' id='word_1_208' title='bbox 388 3999 460 4064; x_wconf 90' lang='grc'><strong>863.</strong></span> <span class='ocrx_word' id='word_1_209' title='bbox 485 4018 626 4082; x_wconf 85' lang='lat' dir='ltr'><strong>ossaque</strong></span> <span class='ocrx_word' id='word_1_210' title='bbox 649 4006 681 4064; x_wconf 91' lang='lat' dir='ltr'><strong>et</strong></span> <span class='ocrx_word' id='word_1_211' title='bbox 702 3999 842 4082; x_wconf 89' lang='lat' dir='ltr'><strong>omnino,</strong></span> <span class='ocrx_word' id='word_1_212' title='bbox 871 3999 944 4064; x_wconf 92' lang='grc'><strong>917.</strong></span> <span class='ocrx_word' id='word_1_213' title='bbox 968 4018 1106 4085; x_wconf 84' lang='lat' dir='ltr'><strong>corpora</strong></span> <span class='ocrx_word' id='word_1_214' title='bbox 1129 4004 1302 4091; x_wconf 87' lang='lat' dir='ltr'><strong>consimili,</strong></span> 
     </span>
     <span class='ocr_line' id='line_1_29' title="bbox 162 4103 1301 4194; baseline 0.007 -26"><span class='ocrx_word' id='word_1_215' title='bbox 162 4104 236 4169; x_wconf 86' lang='grc'><strong>983.</strong></span> <span class='ocrx_word' id='word_1_216' title='bbox 261 4103 486 4188; x_wconf 84' lang='lat' dir='ltr'><strong>effugiumque</strong></span> <span class='ocrx_word' id='word_1_217' title='bbox 516 4105 630 4189; x_wconf 83' lang='lat' dir='ltr'><strong>fugae,</strong></span> <span class='ocrx_word' id='word_1_218' title='bbox 655 4103 728 4168; x_wconf 84' lang='lat'><strong>986.</strong></span> <span class='ocrx_word' id='word_1_219' title='bbox 753 4103 946 4186; x_wconf 81' lang='lat' dir='ltr'><strong>finitumque</strong></span> <span class='ocrx_word' id='word_1_220' title='bbox 974 4104 1070 4187; x_wconf 85' lang='lat' dir='ltr'><strong>foret,</strong></span> <span class='ocrx_word' id='word_1_221' title='bbox 1102 4108 1195 4174; x_wconf 89' lang='lat'>1004.</span> <span class='ocrx_word' id='word_1_222' title='bbox 1226 4127 1301 4194; x_wconf 83' lang='lat' dir='ltr'><strong>per·</strong></span> 
     </span>
     <span class='ocr_line' id='line_1_30' title="bbox 162 4207 419 4292; baseline 0.004 -20"><span class='ocrx_word' id='word_1_223' title='bbox 162 4212 259 4290; x_wconf 90' lang='lat' dir='ltr'><strong>petuo</strong></span> <span class='ocrx_word' id='word_1_224' title='bbox 281 4207 419 4292; x_wconf 85' lang='lat' dir='ltr'><strong>possint.</strong></span> 
     </span>
    </p>
   </div>
   <div class='ocr_carea' id='block_1_6' title="bbox 0 0 1466 4740">
    <p class='ocr_par' dir='ltr' id='par_1_8' title="bbox 0 0 1466 4740">
     <span class='ocr_line' id='line_1_31' title="bbox 0 0 1466 4740; baseline 0 3"><span class='ocrx_word' id='word_1_225' title='bbox 0 0 1466 4740; x_wconf 95' lang='lat' dir='ltr'><strong> </strong></span> 
     </span>
    </p>
   </div>
  </div>
 </body>
</html>
