2932 4732
662 371 856 445 ...6-

325 543 431 627 Atque
461 542 615 609 hocloco
638 562 743 608 meum
767 549 817 608 est
846 541 1023 626 disserere,
1054 563 1148 627 quam
1179 541 1337 607 rationem

196 652 327 713 secutus
349 646 409 712 sim
432 646 465 712 in
488 645 661 712 tractanda
682 668 731 730 ea,
755 667 851 732 quam
875 648 1014 733 suscepi,
1037 648 1183 714 materia.

326 767 468 834 Primum
490 768 591 854 igitur
612 767 722 835 omnia
751 790 791 835 ea
812 769 947 835 afferam
970 771 1133 854 exempla,
1163 769 1196 833 in
1220 768 1336 852 quibus

197 871 320 956 figurae
342 892 420 938 usus
442 872 490 938 ita
505 878 623 956 exstat,
646 879 682 938 ut
705 881 761 939 alut
784 873 847 941 duo
863 881 919 940 aut
942 876 1036 959 plura
1050 874 1221 939 verborum
1244 871 1337 956 paria

197 975 426 1042 alhtteratione
453 978 538 1044 inter
566 997 601 1043 se
624 977 797 1044 coniuncta
824 978 890 1044 sint
920 985 976 1043 aut
998 977 1168 1062 multiplici
1192 975 1335 1042 eiusdem

196 1079 325 1147 litterae
347 1082 540 1167 repetitione
566 1103 631 1148 non
654 1082 758 1167 possit
787 1081 945 1166 dubitari,
977 1082 1053 1167 quin
1080 1082 1186 1166 figura
1208 1101 1272 1145 non
1295 1078 1338 1143 sit

196 1183 339 1268 fortuita,
363 1184 422 1252 sed
445 1207 462 1253 e
485 1185 620 1253 consilio
643 1192 770 1271 poetae.

324 1307 451 1375 Deinde
475 1308 518 1374 ad
540 1307 739 1395 supplendas
753 1306 941 1374 Woelfflinii
965 1314 997 1373 et
1019 1305 1159 1374 librardi
1182 1307 1337 1373 formulas

197 1410 321 1495 omnia,
344 1431 427 1497 quae
450 1413 574 1498 inveni,
599 1413 749 1499 exempla
771 1412 1012 1480 allitterationis
1040 1414 1271 1479 vocabulorum
1295 1412 1337 1477 si-

195 1514 318 1581 milium
339 1516 361 1582 i.
385 1536 412 1582 c.
435 1517 650 1584 coordinatim
673 1519 916 1586 coniunctorum
947 1518 1080 1609 collegi,
1111 1516 1271 1602 disposita
1293 1516 1336 1582 ad

196 1619 343 1714 singulas
363 1642 478 1689 vocum
495 1625 629 1691 classes.
673 1624 756 1690 Tum
772 1623 880 1709 cogito
897 1645 936 1690 ea
952 1624 1079 1706 afferre,
1103 1643 1185 1707 quae
1202 1623 1336 1689 vocibus

195 1736 259 1792 non
281 1726 494 1794 coordinatim
510 1730 691 1797 coniunctis
707 1730 921 1812 continentur,
946 1735 1042 1813 atque
1056 1750 1095 1794 ea
1108 1728 1156 1794 ita
1179 1727 1336 1813 digeram,

194 1837 230 1895 ut
251 1833 482 1899 sententiarum
504 1841 615 1920 partes
640 1834 674 1900 in
700 1833 793 1899 varia
811 1833 1052 1922 coniunctione,
1076 1834 1164 1899 velut
1187 1834 1335 1911 substan-

197 1933 295 2001 tivum
320 1957 392 2002 cum
415 1936 586 2021 adiectivo,
611 1940 849 2006 substantivum
867 1961 938 2004 cum
954 1941 1053 2015 verbo
1069 1946 1178 2005 cetera
1201 1937 1337 2009 afferan-

154 2114 159 2134 ,
196 2045 258 2106 tur.
302 2040 381 2107 Post
402 2042 485 2110 haec
507 2043 684 2128 inquiram,
708 2082 749 2093 —
773 2051 870 2127 atque
900 2043 984 2109 hanc
1015 2043 1189 2123 maximam
1216 2028 1336 2106 ¹disser-

195 2145 330 2213 tationis
361 2167 452 2212 meae
480 2154 605 2232 partem
633 2148 741 2233 putari
771 2147 878 2231 velim,
901 2184 942 2195 -
967 2167 1029 2231 quo
1057 2149 1128 2214 loco
1158 2166 1271 2213 versus
1295 2146 1337 2212 sit

196 2252 384 2335 plerumque
406 2249 556 2317 adhibita
578 2251 777 2317 allitteratio.

327 2373 377 2439 Ea
399 2373 484 2438 enim
507 2373 645 2440 maxime
665 2375 699 2441 in
721 2374 785 2440 fine
802 2395 915 2441 versus
931 2381 1057 2451 veteres
1072 2373 1207 2439 Latinos
1222 2381 1337 2458 poetas

199 2495 277 2542 usos
312 2496 384 2542 esse
413 2478 478 2542 iam
513 2477 567 2544 alii
597 2478 842 2562 intellexerunt,
873 2479 979 2556 velut,
1013 2478 1094 2545 alios
1123 2485 1158 2542 ut
1181 2478 1337 2559 omittam,

196 2578 351 2666 Kvtpala,
380 2582 435 2665 qui
457 2581 518 2651 illa
540 2585 690 2668 exempla
711 2584 744 2650 in
767 2583 891 2670 Vergili
913 2578 1056 2653 Aeneide
1080 2582 1220 2667 collegit.
1265 2583 1337 2667 Ego

196 2692 314 2769 autem,
336 2722 380 2734 -
402 2684 436 2751 id
460 2686 545 2770 quod
568 2686 624 2752 alii
640 2707 767 2772 quoque
782 2694 818 2752 nt
840 2687 981 2755 Lochias
989 2687 1022 2772 a)
1045 2687 1224 2772 generatim
1240 2693 1339 2771 atque

194 2789 344 2857 universe
375 2791 568 2875 attigerunt,
591 2829 635 2840 -
658 2791 880 2858 demonstrare
911 2813 1008 2877 posse
1038 2791 1116 2859 mihi
1138 2790 1251 2857 videor
1273 2811 1338 2858 nou

195 2893 292 2960 finem
315 2895 417 2961 solum
440 2915 513 2962 esse
538 2893 763 2980 spectandum,
786 2895 1015 2971 verumetiam
1038 2896 1174 2979 initium,
1197 2896 1336 2961 manime

196 2998 285 3083 prius
307 3020 421 3066 versus
444 2999 691 3067 hemistichium.

329 3122 522 3207 Ceteroqnin
545 3143 649 3209 neque
671 3123 797 3190 initium
825 3144 928 3208 neque
951 3124 1024 3189 finis
1046 3143 1161 3190 versus
1183 3123 1337 3210 gravissi-

195 3243 266 3291 mus
288 3226 380 3292 locus
412 3247 484 3294 esse
515 3227 594 3293 mihi
622 3227 752 3294 videtur
782 3226 841 3294 sed
870 3227 915 3311 is,
943 3228 976 3293 in
1005 3247 1068 3312 quo
1094 3248 1208 3294 versus
1238 3228 1337 3294 habet

197 3349 376 3398 caesuram.
422 3331 533 3398 Multis
562 3331 646 3399 enim
669 3332 827 3418 exemplis
856 3352 897 3398 ex
927 3331 1075 3401 omnibus
1103 3331 1196 3398 libris
1229 3333 1337 3398 allatis

197 3435 368 3518 apparebit
391 3435 576 3503 Lucretium
600 3443 632 3502 et
654 3444 730 3503 ante
746 3457 916 3505 caesuram
937 3442 1059 3520 etpost
1082 3455 1153 3502 eam
1177 3434 1336 3522 duplicem

195 3538 248 3604 vel
278 3539 488 3624 multiplicem
518 3539 781 3609 allitterationem
803 3539 952 3626 posuisse
982 3559 1116 3624 eamque
1147 3541 1337 3626 saepissime

197 3641 315 3710 eadere
337 3643 422 3710 inter
446 3643 508 3712 duo
531 3646 583 3711 vel
605 3646 700 3731 plura
721 3647 882 3713 vocabula
901 3644 1132 3711 allitteratione
1155 3645 1337 3712 coniuncta.

195 3748 372 3816 Praeterea
394 3749 478 3821 aliae
501 3750 625 3834 figurae
640 3750 794 3834 rationes,
818 3770 899 3835 quas
921 3771 983 3834 ego
999 3747 1128 3834 quidem
1151 3747 1336 3833 probabiles

196 3857 315 3937 putem,
340 3858 414 3918 sunt
435 3853 516 3921 hue:

335 4112 360 4180 'l
378 4110 418 4167 Dc
435 4126 486 4167 usu
509 4112 712 4168 allitteruticnis
740 4112 812 4183 apud
839 4115 930 4186 peetus
956 4111 1075 4172 latinos.
1110 4111 1222 4170 Dissert.
1246 4113 1338 4186 inaug.

196 4197 347 4272 Regimcnt.
384 4198 457 4269 (Hal.
475 4199 548 4270 sca)
567 4199 644 4258 1865.
