2924 4740
613 364 825 425 -17-

685 606 765 687 III.

152 808 379 889 illitteratura
406 807 436 886 h
463 805 582 886 ruribus
608 806 658 885 eut
677 804 782 885 stultis
809 805 858 884 eut
885 804 1045 884 contrane
1070 803 1293 900 suetudinis,

434 947 505 1050 qua
532 930 722 1012 tueritnatln
749 930 901 1010 ueniuneta
924 931 999 1009 suut.

537 1139 583 1208 Α.
606 1139 913 1210 substantiva.

155 1293 263 1359 abitus
286 1293 394 1361 aditus
420 1297 512 1379 1,677
536 1317 669 1380 querum
694 1297 785 1363 abitu
808 1303 864 1361 aut
886 1295 977 1362 aditu
1004 1294 1009 1378 1
1037 1344 1044 1357 .
1070 1342 1109 1358 ..

156 1397 314 1465 adventus
348 1399 457 1466 abitus
509 1404 603 1485 1‚457
636 1401 777 1469 adventu
801 1451 808 1466 .
833 1452 841 1466 .
868 1451 875 1466 .
898 1400 1066 1483 abituque:
1115 1396 1217 1482 prime
1256 1416 1294 1460 ae

283 1510 427 1571 extremo
450 1505 482 1570 in
505 1527 602 1572 versu

153 1629 210 1675 aer
232 1629 319 1693 aqua
344 1610 437 1692 1,567
463 1660 470 1676 .
496 1665 503 1677 .
528 1662 535 1677 .
563 1613 567 1696 1
595 1632 660 1693 aer,
685 1632 781 1695 aqua,
805 1619 902 1691 terra,
926 1629 1064 1693 vapores

153 1735 210 1780 aes
234 1721 405 1799 argentum
429 1717 624 1798 aduenere
648 1725 745 1801 atque
769 1722 905 1801 argente
933 1717 938 1799 1
965 1766 972 1780 .
998 1765 1005 1779 .

152 1839 209 1886 aas
233 1839 349 1915 aurum
373 1820 491 1904 5,1273
514 1843 598 1888 nune
618 1823 704 1889 iaeet
729 1843 786 1888 aes
810 1841 924 1888 aurum
941 1822 974 1885 in
1002 1820 1006 1905 1
1034 1870 1042 1899 ,
1067 1818 1185 1897 5,]239
1210 1815 1295 1899 qued

285 1933 434 2009 superest
457 1945 514 1992 aes
540 1934 636 2010 atque
666 1947 781 1993 aurum
806 1977 813 1992 .
838 1975 846 1989 .
871 1976 879 2007 ,
906 1927 985 1989 1271
1013 1974 1020 1988 .
1045 1974 1052 1989 .
1078 1976 1084 1988 .
1110 1922 1214 2006 magis
1238 1941 1295 1987 aes

285 2050 464 2114 aurumque
502 2032 647 2111 iaeebat;
687 2054 727 2096 ex
765 2033 900 2096 eonieet.
962 2031 1115 2094 Italorum
1155 2036 1186 2091 et
1225 2025 1295 2090 eed.

252 2139 255 2144 '
283 2135 443 2202 Brixiens.
489 2139 586 2219 6330
610 2188 617 2202 .
642 2186 649 2202 .
675 2188 682 2202 .
711 2138 715 2222 1
743 2138 821 2202 feeit
838 2157 894 2203 aes
911 2137 942 2200 in
960 2143 1103 2218 tempere
1121 2140 1152 2198 et
1169 2152 1296 2211 aurum,

284 2240 348 2304 352
371 2290 378 2305 .
404 2290 411 2305 .
438 2245 445 2322 1
470 2241 566 2307 facile
582 2262 639 2308 aes
659 2261 838 2325 aurumque
860 2246 1004 2324 repente,
1028 2238 1091 2302 966
1115 2287 1122 2302 .
1149 2288 1155 2301 .
1185 2237 1189 2320 1
1216 2235 1295 2299 fauit

286 2362 344 2409 aes
367 2364 545 2429 aurumque
568 2346 710 2411 resolvit.

155 2448 270 2514 aether
293 2466 418 2533 aequor
440 2451 537 2533 &782
559 2492 593 2511 =
616 2450 711 2534 5,128
736 2501 743 2515 .
769 2504 775 2516 .
799 2451 831 2514 in
856 2450 988 2516 aethere
1012 2469 1075 2514 nen
1098 2447 1204 2527 arhor,
1231 2466 1296 2510 nen

285 2572 427 2637 aequore
450 2606 458 2620 .
483 2605 522 2622 ..

153 2679 240 2744 aqua
262 2679 319 2726 aer
343 2661 440 2742 2230
463 2682 537 2725 nam
560 2680 619 2745 per
641 2680 744 2744 aquas
770 2711 778 2727 .
802 2710 809 2725 .
835 2711 842 2724 .
867 2710 874 2724 .
899 2666 995 2742 atque
1019 2678 1098 2724 aera
1120 2676 1227 2721 rarum

153 2763 262 2848 aquilo
286 2771 399 2830 auster
421 2763 516 2848 5,687
541 2815 548 2831 .
574 2816 581 2830 .
606 2815 613 2830 .
638 2772 670 2831 et
693 2765 854 2848 aquilenis
879 2772 911 2828 et
935 2764 1056 2830 austri:
1094 2769 1238 2827 extreme
1261 2760 1294 2825 in

280 2888 387 2934 versu.

155 2991 214 3037 ara
236 2973 355 3038 altaria
375 2974 494 3055 4,1229
517 2981 735 3059 conspergunt
759 2994 834 3040 aras
866 2977 870 3056 1
902 2973 1096 3055 adolentque
1121 2971 1262 3037 altaria.
1288 3021 1295 3036 .

156 3076 289 3140 arbusta
324 3077 507 3144 animantes
533 3080 629 3160 1,808
652 3121 687 3140 =
709 3080 770 3144 821
796 3079 931 3144 arbusta
965 3077 1138 3144 animantia
1159 3083 1239 3142 extr.
1263 3077 1295 3141 in

283 3201 389 3264 versu,
410 3224 445 3245 =
466 3184 594 3266 alote.

155 3290 325 3368 argentum
350 3305 464 3353 aurum
487 3288 607 3370 5,1254
629 3287 989 3356 eeueavaeenveuiens
1020 3288 1024 3370 1
1056 3285 1184 3369 argenti
1207 3286 1294 3351 rivus

285 3396 316 3455 et
339 3391 423 3473 auri,
448 3392 530 3456 1267
554 3414 613 3458 nee
636 3393 740 3458 minus
758 3399 894 3476 argente
917 3391 1025 3457 faeere
1043 3391 1125 3455 haee
1149 3410 1294 3472 aureque

288 3495 460 3578 parabant,
494 3495 589 3577 eade
620 3496 813 3581 ..argenti
841 3516 942 3561 venas
969 3495 1104 3578 aurique
1135 3501 1297 3576 secuntur,

287 3599 384 3681 6,949
401 3650 408 3665 .
427 3650 434 3666 .
451 3621 510 3685 per
525 3622 639 3668 aurum
656 3602 764 3685 Atque
780 3622 838 3685 per
855 3607 1025 3684 argentum
1050 3650 1056 3664 .
1081 3649 1088 3664 .
1112 3649 1121 3682 ,
1144 3600 1218 3683 237
1235 3619 1295 3664 nee

287 3703 401 3770 demus
426 3714 562 3790 argente
590 3710 594 3786 1
622 3707 759 3790 fulgenti
783 3726 927 3789 auroque
950 3705 1076 3770 renidet

155 3809 245 3876 auria
276 3810 404 3878 animus
438 3809 511 3888 1,50
532 3851 565 3871 =
588 3812 685 3894 4,909
709 3861 717 3876 .
741 3861 748 3876 .
772 3812 862 3878 auria
893 3811 1098 3893 animumque
1131 3829 1294 3892 sagacem,

283 3915 381 3987 11920
404 3920 546 3982 attentas
570 3917 661 3983 auris
684 3916 888 4001 animumque
910 3936 1055 3999 reposce,

155 4036 253 4084 aures
287 4020 374 4086 eeuli
409 4020 505 4103 3‚547
530 4072 537 4086 .
561 4072 569 4087 .
594 4024 682 4087 velut
716 4042 814 4089 aures
845 4028 941 4106 atque
972 4021 1058 4088 eeuli
1081 4025 1164 4102 sunt,
1197 4019 1289 4102 aun

283 4125 416 4191 naribus
434 4127 567 4196 auribus
591 4134 687 4211 atque
711 4127 815 4194 oeulis
844 4129 850 4208 Ι
881 4127 1011 4210 erisque
1034 4125 1152 4211 sapori,

153 4225 242 4294 euuli
254 4231 513 4313 aures4,484an
526 4239 677 4317 poterunt
691 4234 805 4300 oeulos
835 4231 840 4318 1
871 4252 969 4299 aures
982 4228 1217 4317 reprehendere
1233 4280 1241 4312 ,
1259 4280 1266 4294 .
1284 4279 1291 4295 .
