2924 4740
624 400 835 464 ..31-

183 576 254 640 814.
290 575 449 658 nimirum,
476 575 551 658 quia
574 575 687 641 nrulta
709 576 818 641 modis
843 575 1030 642 communia
1052 575 1175 642 multis

290 681 469 748 Multarum
493 697 603 746 rerum
626 680 658 744 in
682 681 783 746 rebus
808 680 984 764 primordia
1006 680 1113 746 mixta

182 787 254 851 821.
290 787 499 865 constituunt,
533 784 646 849 eadem
677 786 788 868 fruges
812 788 948 852 arbusta
971 785 1156 868 animantis,

293 893 407 957 Verum
432 890 511 957 aliis
534 890 667 972 alioque
691 888 793 956 modo
818 890 997 956 commixta
1019 897 1203 957 moventur.

182 998 254 1061 873.
289 1003 458 1080 praeterea
480 996 576 1061 tellus
599 1014 684 1080 quae
709 1012 846 1078 corpora
869 1014 1005 1080 cumque
1029 995 1097 1079 alit,
1122 1001 1224 1079 auget

289 1103 340 1168 Ex
365 1101 587 1184 alienigenis,
614 1119 698 1183 quae
722 1098 933 1182 alienigenis
957 1100 1110 1167 oriuntur.

634 1337 759 1405 Liber
783 1337 833 1403 11.

184 1519 255 1583 129.
291 1519 392 1583 Multa
413 1518 543 1585 videbis
568 1518 651 1582 enirn
675 1517 783 1600 plagis
806 1516 851 1581 ibi
874 1515 1000 1600 percita
1023 1517 1130 1583 caecis

289 1622 492 1688 commutare
516 1624 605 1687 viam
628 1628 781 1705 retroque
805 1622 941 1705 repulsa
968 1620 1101 1703 reverti,

180 1727 252 1792 418.
288 1748 368 1792 neve
391 1728 493 1792 bonos
516 1748 621 1792 rerum
646 1727 741 1793 simili
762 1727 918 1795 constare
935 1727 1062 1792 colores

289 1831 417 1900 Semine
442 1833 638 1915 constituas,
663 1832 773 1896 oculos
792 1833 851 1916 qui
874 1852 1012 1917 pascere
1035 1837 1182 1916 possunt,

289 1939 331 2001 Et
357 1937 409 2022 qui
433 1944 645 2021 conpungunt
669 1937 772 2002 aciem
795 1939 1029 2021 lacrimareque
1054 1942 1177 2020 cogunt

181 2041 255 2106 459.
291 2050 325 2106 at
355 2062 418 2106 non
450 2061 522 2106 esse
545 2047 652 2106 tamen
677 2043 844 2124 perplexis
867 2040 1060 2125 indupedita

289 2145 442 2230 Pungere
464 2146 509 2210 uti
533 2147 662 2229 possint
684 2166 800 2229 corpus
823 2153 1059 2230 penetrareque
1083 2165 1166 2228 sese,

181 2254 254 2317 501.
288 2272 433 2337 purpura
449 2251 644 2317 Thessalico
668 2252 864 2321 concharum
889 2253 980 2318 tacta
996 2253 1106 2318 colore

290 2355 463 2440 caudaque
486 2376 648 2440 pavonum
674 2405 681 2420 .
706 2406 713 2421 .

181 2461 255 2526 524.
288 2462 372 2525 inter
393 2477 430 2526 se
452 2460 551 2530 simili
574 2481 656 2544 quae
681 2467 758 2530 sunt
781 2460 928 2544 perfecta
950 2458 1064 2542 figura

288 2565 421 2632 Infinita
444 2568 551 2631 cluere
576 2615 582 2629 .
607 2615 615 2631 .

181 2671 255 2738 618.
289 2673 448 2756 tympana
469 2673 563 2737 tenta
586 2673 700 2736 tonant
716 2671 840 2754 ¹palmis
865 2676 896 2734 et
919 2670 1071 2754 cymbala
1094 2669 1214 2735 circum

290 2776 454 2858 Concava,
477 2775 712 2858 raucisonoque
736 2774 899 2839 minantur
922 2791 1046 2840 cornua
1070 2778 1178 2855 cantu,

181 2880 253 2944 684.
287 2880 378 2945 fucus
393 2881 470 2945 item
483 2897 631 2962 sorsum,
649 2897 789 2949 sorsum
805 2896 905 2963 sapor
917 2878 1108 2961 insinuatur,

288 2982 461 3064 Sensibus3

182 3087 254 3151 708.
290 3088 465 3153 seminibus
489 3089 594 3154 certis
625 3090 724 3155 certa
747 3089 910 3173 genetrice
934 3094 1049 3154 creata

290 3190 488 3256 Conseruere
511 3213 613 3273 genus
637 3195 823 3260 crescentia
846 3213 942 3276 posse
969 3191 1125 3256 videmus.

182 3294 254 3360 778.
287 3303 322 3359 ut
343 3316 439 3380 saepe
464 3317 504 3361 ex
527 3299 600 3362 aliis
624 3299 738 3364 formis
773 3298 936 3381 variisque
958 3297 1074 3380 liguris

287 3399 437 3465 Efficitur
460 3401 617 3483 quiddam
641 3402 838 3486 quadratum
858 3421 989 3490 unaque
1012 3401 1130 3484 ligura,

182 3505 254 3571 789.
289 3504 456 3590 principiis
480 3528 586 3572 rerum
610 3529 838 3591 nonnunquam
860 3526 961 3573 causa
984 3508 1119 3587 colores,

288 3610 425 3693 Occidit,
449 3632 491 3676 ex
515 3613 602 3678 albis
625 3613 780 3695 quoniam
803 3633 867 3677 non
891 3613 1135 3693 albacreantur,

179 3716 252 3781 947.
287 3715 508 3782 dissoluuntur
532 3718 615 3783 enim
640 3717 806 3801 positurae
828 3716 1069 3800 principiorum,

287 3822 328 3884 Et
352 3821 483 3904 penitus
507 3830 612 3886 motus
634 3822 750 3887 vitales
773 3821 993 3906 inpediuntur,

158 3924 252 3989 1093.
286 3946 361 3989 nam
382 3945 451 4009 pro,
484 3933 599 3990 sancta
622 3925 719 3991 deum
742 3926 916 4008 tranquilla
938 3930 1073 4008 pectora
1096 3943 1177 4006 pace

287 4027 377 4105 Quae
400 4030 564 4112 placidum
588 4030 713 4114 degunt
736 4050 848 4095 aevom
872 4078 879 4093 .
905 4079 912 4092 .

157 4133 250 4197 1170.
286 4140 318 4196 et
342 4142 463 4216 crepat,
487 4134 656 4218 antiquum
679 4154 782 4218 genus
804 4141 838 4197 ut
861 4133 984 4216 pietate
1008 4133 1166 4215 repletum

286 4235 448 4302 Perfacile
472 4239 622 4322 angustis
646 4239 792 4305 tolerarit
814 4236 932 4304 linibus
956 4256 1080 4320 aevom,
