2924 4740
611 373 827 439 ...85-

175 547 247 615 879.
281 547 422 635 frigidus
445 553 495 614 est
518 546 614 613 etiarn
629 547 715 631 fons,
739 568 840 634 supra
856 568 950 632 quern
972 549 1037 619 sita
1051 546 1151 634 saepe
1199 569 1224 619 μ
1255 562 1270 606 1

284 650 409 738 Stuppa
431 652 509 719 iacit
530 651 692 718 flammam
717 705 724 720 .
749 705 756 722 .

176 758 249 822 942.
283 756 441 843 principio
473 757 509 824 fit
541 763 576 823 ut
610 759 642 824 in
676 758 840 844 speluncis
870 777 954 826 saxa
976 780 1118 845 superne

284 860 413 928 Sedent
434 883 544 929 umore
568 871 600 931 et
624 915 631 930 .
656 915 663 930 .
689 914 696 931 .
722 914 729 931 .
753 865 886 933 stillent.
1056 932 1058 936 ⁴

175 965 248 1032 956.
285 986 302 1030 e
331 968 528 1052 tempestate
558 969 591 1036 in
614 973 713 1039 terre
741 974 901 1057 caeloque
932 976 1085 1054 coortast,

284 1073 322 1138 In
345 1073 474 1156 eaelum
496 1077 675 1159 terrasque
699 1124 739 1143 ..
1200 1142 1205 1148 ,
1270 1140 1272 1143 ,

157 1180 249 1245 1156.
282 1177 605 1265 intolerabilibusque
640 1181 734 1247 malis
769 1187 840 1248 erat
869 1181 988 1250 annus
1017 1197 1124 1262 angor
1204 1245 1218 1252 ,⁴

283 1283 430 1352 Adsidue
448 1301 560 1352 comes
583 1291 614 1351 el
637 1285 759 1374 gemitu
783 1285 960 1359 commixta
980 1284 1138 1371 querella.
1206 1348 1210 1358 ,,

673 1521 774 1604 VII.

286 1729 397 1795 Altera
421 1730 454 1795 in
477 1730 601 1815 figurae
624 1731 750 1797 ratione
782 1732 919 1815 primum
943 1736 974 1796 et
996 1730 1142 1795 ultimum
1164 1730 1297 1793 verbum

155 1852 268 1898 versus
288 1834 550 1901 allitterationem
567 1836 719 1902 efficiunt.
765 1837 824 1902 His
845 1837 876 1901 in
894 1835 1050 1920 exemplis
1066 1832 1298 1900 allitteralione

157 1937 359 2004 concinnitas
382 1939 541 2022 quaedam
565 1941 598 2005 in
621 1941 768 2007 versibus
792 1939 974 2006 adiuvatur.

290 2093 449 2179 Exempla
472 2066 673 2182 singuloruni
697 2096 849 2163 librorum
874 2102 948 2162 suut
970 2095 1068 2161 haee:

644 2289 770 2359 Liber
793 2290 822 2357 1.

180 2425 231 2487 32.
256 2423 407 2490 mortalis
430 2427 580 2510 quoniam
605 2428 682 2493 belli
704 2427 774 2492 fera
796 2443 953 2491 moenera
975 2422 1106 2488 llavors

179 2530 231 2592 42.
255 2547 429 2612 possumus
452 2551 556 2616 aequo
579 2534 686 2603 animo
709 2553 769 2599 nec
793 2529 920 2596 Memmi
953 2530 1042 2594 olera
1064 2544 1212 2614 propago

180 2636 231 2699 59.
254 2633 430 2727 reddunda
452 2637 484 2703 in
507 2640 637 2707 ratione
661 2656 778 2704 vocare
803 2642 835 2700 et
858 2634 983 2700 semina
1005 2652 1117 2703 rerum
1210 2706 1213 2711 ⁴

181 2740 233 2802 72.
257 2755 337 2822 ergo
360 2739 472 2806 vivida
494 2744 547 2809 111
571 2743 669 2809 animi
692 2740 841 2828 pervicit,
866 2743 1016 2805 etenira

181 2844 233 2907 82.
257 2842 432 2926 indugredi
455 2847 601 2928 sceleris,
625 2846 711 2932 quod
735 2852 848 2913 eontra
870 2843 1002 2928 saepius
1025 2842 1086 2912 illa

183 2948 234 3012 84.
259 2948 380 3017 Aulide
403 2971 466 3034 quo
489 2959 585 3040 paeto
608 2952 731 3018 Triviai
754 2950 890 3034 virginis
914 2970 1003 3018 aram
1045 3029 1048 3034 ,

163 3055 234 3116 121.
258 3053 382 3120 Ennius
406 3059 548 3123 aeternis
571 3057 704 3143 exponit
726 3049 875 3122 versibus
899 3054 1000 3121 edens

163 3158 234 3220 134.
259 3173 391 3224 cernere
415 3161 460 3226 nti
484 3162 652 3228 videantur
675 3184 730 3229 eos
754 3160 931 3243 audireque
954 3178 1062 3225 eoram

164 3260 235 3324 142.
260 3261 377 3330 suadet
401 3272 432 3328 et
455 3265 578 3332 inducit
601 3276 713 3334 noctes
736 3268 873 3353 vigilare
897 3284 1032 3333 serenas

164 3368 234 3432 175.
258 3367 345 3432 vites
369 3374 521 3437 autumno
545 3371 637 3438 fundi
659 3371 815 3438 suadente
839 3369 1008 3438 ridemus.

163 3474 234 3539 188.
258 3493 395 3559 quorum
419 3475 464 3542 nil
486 3478 556 3543 fieri
579 3478 784 3544 manifestum
803 3485 867 3559 est,
892 3474 1000 3541 omnia
1016 3471 1156 3559 quando

160 3582 234 3647 207.
257 3579 343 3649 ueris
365 3578 398 3644 in
420 3587 550 3648 teneras
573 3583 701 3668 possint
723 3581 898 3669 proferrier
923 3600 1023 3649 auras

160 3690 234 3753 242.
259 3687 380 3772 quippe
403 3686 458 3755 ubi
481 3688 571 3752 nulla
593 3687 699 3754 forent
722 3695 854 3753 aeterno
879 3703 1027 3769 corpore,
1051 3702 1187 3770 quorum

161 3797 235 3859 271.
258 3791 419 3878 principio
443 3791 533 3857 venti
556 3793 606 3859 111
630 3795 784 3860 verberat
806 3793 906 3858 incita
929 3780 1064 3876 pontum

161 3899 235 3964 341.
260 3898 372 3967 multa
393 3897 508 3968 modis
524 3898 644 3968 multis
667 3900 758 3965 varia
780 3900 905 3965 ratione
928 3895 1053 3966 moveri

163 4007 235 4070 346.
260 4010 432 4088 praeterea
455 4004 603 4089 quamvis
627 4003 750 4070 solidae
773 4025 824 4069 res
849 4024 920 4069 esse
944 4008 1107 4088 putentur,

51 4163 54 4171 .
163 4109 237 4173 417.
261 4116 524 4192 argumentorum
549 4109 592 4174 sit
616 4110 709 4194 eopia
732 4109 912 4192 missaper
935 4107 1026 4178 auris

162 4213 237 4279 425.
262 4211 452 4280 confirmare
475 4213 573 4288 animi
597 4213 771 4298 quicquam
794 4213 918 4281 ratione
942 4229 1109 4299 queamus.
