2924 4740
621 389 835 456 ...83-

185 566 257 631 839.
293 564 379 629 lraud
402 564 500 648 igitur
523 570 656 649 potuere
679 564 789 630 utendi
813 584 961 631 erescere
985 583 1094 630 eausa.

292 671 334 734 At
358 677 475 740 eontra
498 670 649 735 eonferre
673 691 769 734 manu
793 671 973 736 certamina
995 690 1125 753 pugnae

183 774 256 838 848.
290 774 371 839 baeu
394 775 493 858 igitur
516 782 652 858 possunt
677 773 786 838 utendi
810 775 942 858 cognita
966 792 1067 839 eausa

292 879 433 959 Credier,
459 929 498 945 ..

166 983 257 1050 1036.
293 984 326 1049 in
349 985 422 1050 losa
444 985 645 1052 couveniens
670 1004 840 1049 nervorum
864 989 964 1064 oerta,
990 983 1119 1066 cietque

292 1087 453 1155 Continuo
476 1088 578 1172 partis
602 1088 756 1172 genitalis
779 1087 926 1172 eorporis
950 1088 1050 1171 ipsas.

162 1193 254 1258 1212.
289 1201 463 1278 propterea
493 1195 569 1278 quia
592 1194 704 1260 multa
726 1192 835 1258 modis
859 1192 1041 1276 primordia
1065 1191 1186 1260 multis

288 1298 391 1364 blixta
414 1319 471 1364 suo
495 1299 602 1364 celant
626 1299 658 1362 in
683 1317 817 1381 corpore
842 1317 940 1381 saepe
963 1297 1120 1381 parentis.

636 1561 761 1629 Liber
786 1563 830 1630 V.

203 1735 252 1798 11.
286 1731 436 1798 fluetibus
462 1753 478 1797 e
502 1734 613 1799 tantis
637 1732 736 1797 vitam
758 1733 933 1816 tantisque
956 1730 1103 1797 tenebris

287 1837 324 1901 In
348 1839 416 1902 tam
440 1837 617 1920 tranquillo
642 1841 767 1903 ettam
791 1838 880 1902 clara
903 1837 975 1902 luce
999 1834 1132 1900 looavit.

203 1941 253 2004 14.
287 1959 424 2023 namque
442 1940 540 2005 Ceres
557 1940 665 2006 fertur
678 1941 793 2026 fruges
809 1941 973 2024 Liberque
990 1938 1129 2022 liquoris

288 2043 430 2127 Vitigeni
453 2044 585 2109 latieem
609 2047 799 2110 mortalibus
827 2044 1007 2111 instituisse

200 2148 252 2213 43.
287 2154 320 2212 at
344 2147 406 2212 nisi
429 2156 636 2232 purgatumst
659 2159 785 2233 peetus,
811 2170 893 2234 quae
917 2149 1043 2233 proelia
1065 2147 1159 2213 nobis

288 2253 393 2335 Atque
416 2253 561 2335 pericula
585 2261 683 2318 tumst
706 2255 847 2338 ingratis
871 2251 1118 2321 insinuandum:

181 2357 252 2421 188.
287 2376 328 2421 ex
350 2356 475 2422 infinito
498 2357 561 2422 iam
586 2365 729 2442 tempore
753 2359 878 2443 percita
901 2356 1010 2441 plagis

285 2460 553 2545 Ponderibusque
578 2463 645 2528 suis
669 2469 869 2530 consuerunt
892 2462 1025 2528 ooneita
1047 2459 1124 2524 ferri

177 2567 250 2632 252.
285 2566 408 2632 solibus
432 2566 589 2650 adsiduis,
614 2570 715 2634 multa
741 2570 873 2652 pulsata
895 2566 1014 2649 pedum
1037 2565 1069 2631 vi

284 2670 434 2737 Pulveris
458 2672 620 2738 exhalat.
647 2722 655 2738 .

178 2777 252 2841 316.
289 2797 330 2842 ex
351 2776 476 2842 infinito
501 2798 583 2861 quae
607 2780 754 2863 tempore
777 2780 1035 2863 pertolerassent

288 2882 404 2947 Omnia
426 2886 592 2952 tormenta
615 2885 732 2949 aetatis
757 2934 765 2963 ‚
790 2934 798 2948 .
823 2935 829 2948 .

180 2984 252 3049 380.
288 2984 426 3069 denique
449 2993 618 3070 tantopere
640 2988 723 3053 inter
746 3009 781 3053 se
805 3009 876 3054 oum
900 2987 1047 3053 maxima
1069 2982 1184 3050 mundi

285 3090 434 3173 Pugnent
456 3093 606 3157 membra
632 3142 641 3174 ‚
668 3143 708 3158 ..

177 3190 240 3255 423
287 3211 335 3274 sq.
358 3233 393 3254 =
417 3195 478 3259 188
502 3216 556 3279 sq3

177 3295 251 3361 433.
286 3296 460 3364 altivolans
482 3306 611 3384 poterat
634 3320 694 3365 nee
717 3300 836 3382 magni
860 3299 968 3364 sidera
992 3298 1107 3364 mundi

288 3399 466 3468 Neomare
488 3425 548 3469 nen
572 3405 696 3469 eaelum
719 3453 726 3468 .
751 3454 758 3469 .

176 3504 250 3569 847.
284 3512 320 3570 ut
343 3508 561 3592 propagando
586 3509 714 3592 possint
737 3508 923 3592 procudere
948 3509 1072 3588 saecla3

285 3608 415 3675 Pabula
438 3612 576 3695 primum
599 3619 634 3677 ut
657 3613 731 3693 sint,

176 3713 250 3778 889.
284 3719 340 3778 aut
361 3715 484 3780 rabidis
509 3717 644 3783 canibus
669 3717 854 3784 succinctas
877 3715 1093 3784 semimarinis

285 3817 479 3902 Corporibus
503 3817 631 3903 Scyllas
654 3871 663 3903 ‚
688 3871 695 3886 .
721 3871 760 3887 ..

158 3922 250 3986 1002.
285 3941 344 3986 nee
368 3929 498 4005 poterat
521 3945 712 4008 quemquam
737 3926 859 4009 placidi
881 3925 1028 4010 pellacia
1050 3924 1141 4009 ponti

285 4024 430 4092 Subdola
452 4030 612 4112 pellicere
637 4080 644 4095 .
670 4080 677 4095 .
703 4080 710 4095 .

158 4129 250 4193 1010.
286 4135 317 4194 et
344 4132 456 4197 mulier
473 4134 650 4200 oouiuneta
665 4135 735 4200 viro
751 4136 916 4202 concessit
931 4135 964 4200 111
981 4156 1078 4200 unum

287 4233 482 4320 Coniugium
504 4240 690 4323 prolemque
713 4259 754 4304 ex
777 4260 812 4305 se
836 4239 946 4306 videre
973 4244 1126 4320 creatam,
