2924 4740
633 393 848 456 ..86-

195 572 269 635 457.
294 563 435 634 adventu
452 573 561 632 manet
583 567 753 632 incolumis
775 573 892 632 natuura
914 566 1077 650 abituque,

196 674 271 739 484.
297 672 417 758 partim
441 672 583 739 concilio
607 693 689 756 quae
712 680 868 739 coustant
890 673 1131 759 principiorum.

201 778 275 843 496.
298 777 460 848 sensimus
483 777 589 842 infuso
612 778 814 863 lympharum
839 799 910 844 rore
932 798 1081 862 superne.

198 884 272 952 517.
297 883 481 965 concilium,
505 883 593 969 quod
616 882 713 950 inuno
736 892 837 969 queat
860 906 970 950 verum
994 883 1156 951 cohibere.

196 990 269 1057 548.
295 997 372 1059 sunt
387 976 487 1073 igitur
502 987 610 1057 solida
626 979 802 1073 primordia
821 989 1041 1074 simplicitate,
1057 1028 1091 1048 =
1106 987 1168 1052 574
1184 1027 1219 1048 =
1242 989 1315 1052 609.

196 1100 270 1163 575.
295 1113 434 1180 qnorum
460 1093 628 1161 condenso
651 1095 757 1178 magis
781 1096 888 1160 omnia
910 1093 1089 1161 conciliatu

194 1204 268 1269 625.
292 1218 366 1267 esse
390 1221 429 1265 ea
452 1220 534 1283 quae
557 1199 655 1264 nullis
677 1199 742 1264 ium
764 1199 914 1284 praedita
935 1199 1084 1283 partibus
1109 1202 1231 1279 extent,

192 1308 265 1373 629.
291 1322 411 1390 cogere
435 1311 628 1371 consuesset
651 1324 756 1369 rerum
780 1311 897 1370 natura
919 1303 1070 1383 creatrix,

195 1413 268 1480 688.
294 1410 536 1494 praeterea'rei
559 1430 642 1493 quae
665 1430 801 1494 corpora
824 1409 950 1474 mittere
974 1408 1079 1503 possit

197 1517 269 1582 739.
293 1514 425 1599 Pythia,
450 1534 533 1597 quae
555 1510 673 1599 tripodi
697 1536 717 1578 a
738 1514 860 1579 Phoebi
883 1515 1038 1597 lauroque
1059 1510 1209 1596 profatur

197 1623 269 1687 799.
294 1636 433 1703 corpora
457 1618 649 1701 constituas,
672 1618 781 1703 ignem
805 1619 832 1683 si
855 1617 938 1682 forte
961 1617 1103 1683 crearint

195 1725 268 1792 804.
293 1723 379 1789 aeris
405 1744 422 1788 c
445 1729 532 1789 terra
553 1744 605 1789 res
630 1724 733 1789 omnis
756 1743 902 1789 crescere
925 1723 1033 1806 alique

194 1830 268 1894 815.
293 1829 471 1893 multarum
493 1845 603 1894 rerum
626 1828 658 1893 16
682 1829 783 1894 rebus
805 1826 982 1912 primordia
1004 1824 1111 1892 mixta

196 1936 269 2000 906.
294 1931 488 1998 conficerent
511 1933 607 2016 volgo
631 1932 741 2014 silvas,
765 1933 898 1997 arbusta
920 1937 1102 1997 cremarent

195 2041 268 2105 912.
291 2038 387 2122 ignes
411 2044 443 2103 et
462 2037 611 2121 lignum?
635 2057 697 2120 quo
721 2044 816 2121 pacto
840 2038 940 2102 verba
961 2056 1087 2120 quoque
1110 2035 1185 2119 ipsa

194 2144 268 2208 926.
291 2141 367 2207 avia
388 2139 554 2207 Pieridum
577 2161 718 2226 peragro
740 2142 813 2206 loca
835 2141 954 2206 nullius
978 2147 1053 2207 6616
1075 2180 1109 2200 =
1131 2142 1182 2220 4,1

194 2250 268 2313 969.
293 2264 388 2315 6666
412 2246 497 2330 quod
521 2254 570 2312 cst
594 2247 743 2329 spatium,
766 2246 793 2311 si
816 2245 887 2329 quis
910 2253 1079 2331 procurrat
1102 2243 1144 2309 ad
1168 2261 1245 2311 oras

196 2352 268 2417 982.
292 2352 351 2417 flet
374 2350 420 2416 uti
443 2370 602 2434 nusquam
625 2351 728 2435 possit
750 2351 928 2416 consistere
949 2351 1026 2416 finis

176 2458 269 2523 1039.
291 2454 417 2520 diffluet
441 2455 592 2520 amittens
616 2475 742 2539 corpus,
767 2455 813 2519 sic
838 2454 945 2520 omnia
969 2455 1089 2520 debent

175 2560 269 2627 1043.
294 2576 493 2626 conservare
516 2579 652 2641 omnem,
677 2579 887 2643 quaecunque
910 2566 960 2624 est
983 2557 1162 2625 6666111616

176 2665 268 2731 1062.
293 2661 502 2743 contendunt,
525 2683 630 2747 neque
652 2683 749 2748 posse
773 2683 791 2728 c
814 2663 909 2728 terris
932 2663 965 2727 in
989 2664 1062 2728 loca
1085 2662 1168 2728 caeli

174 2772 267 2836 1066.
292 2761 433 2850 cernere,
458 2776 490 2834 et
513 2768 647 2834 alternis
671 2768 839 2834 nobiscum
862 2776 1008 2853 tempora
1031 2769 1114 2834 caeli

176 2871 268 2941 1067.
292 2872 439 2939 (lividere
464 2879 494 2938 et
518 2879 630 2938 noctes
653 2873 767 2957 parilis
790 2873 916 2957 agitare
939 2869 1068 2938 diebus.

176 2978 269 3045 1108.
292 2997 360 3045 uox
380 2978 441 3042 iter
465 2976 589 3061 eripiet,
614 2977 689 3060 quin
713 2976 825 3041 ultima
847 2977 987 3044 naturai.

642 3150 769 3221 nuber
791 3152 839 3220 ll.

303 3281 346 3346 04
368 3280 516 3366 pluribus
539 3315 579 3329 -
604 3282 820 3366 probatumst,
854 3283 914 3346 120
944 3280 1090 3346 conciliis
1114 3315 1155 3328 -
1179 3279 1313 3362 crebris,

175 3387 235 3452 128
259 3385 446 3470 significant
469 3385 690 3451 clandestinos
721 3406 902 3471 caecosque
929 3387 1074 3467 subesse,
1106 3384 1167 3448 188
1197 3402 1314 3450 sursus

173 3527 212 3541 -
237 3495 379 3571 sumunt,
403 3490 467 3557 205
489 3490 635 3574 pondera
659 3528 699 3539 —
724 3497 881 3576 pugnent,
906 3491 967 3553 211
986 3488 1138 3554 ardorem
1155 3524 1195 3535 —
1219 3506 1314 3570 arva,

172 3596 236 3661 324
259 3615 444 3681 curiporum
468 3596 630 3679 complent
653 3633 694 3642 -
719 3595 937 3677 6166166358
961 3593 1151 3686 conspicere
1169 3629 1210 3639 -·
1226 3611 1314 3662 666-

172 3702 302 3785 pletque
325 3700 491 3783 querellis,
514 3701 580 3765 439
602 3701 730 3768 sentina
748 3738 789 3749 —
803 3700 1035 3783 66666489
1057 3698 1252 3769 omnimodis
1270 3738 1315 3748 —

171 3810 261 3885 ordo,
286 3805 349 3871 589
367 3804 532 3890 principio
557 3841 598 3855 -
620 3807 742 3889 prima,
768 3807 831 3870 603
854 3807 1006 3871 tellurem
1027 3843 1069 3852 —
1092 3805 1125 3868 in
1149 3806 1248 3871 terra
1271 3842 1311 3853 -

171 3912 312 3987 terram,
328 3908 391 3974 619
415 3928 563 3980 6666666
580 3948 619 3959 -
637 3928 761 3981 cornua
781 3919 889 3990 cantu,
906 3911 970 3975 636
986 3909 1103 3976 armati
1120 3945 1159 3956 —
1177 3909 1314 3976 acribus

173 4031 264 4097 6666,
289 4015 351 4080 687
377 4016 577 4088 conveniunt
600 4055 642 4063 —
666 4016 908 4097 66661661,704
932 4015 1098 4097 multaque
1112 4049 1150 4061 —
1164 4015 1315 4080 membra

171 4121 318 4203 6661616,
344 4122 406 4186 706
429 4140 566 4206 pascere
578 4158 617 4168 —
632 4120 877 4205 omniparentis,
891 4121 955 4185 712
978 4138 1170 4204 corpora-
1184 4136 1315 4191 conexa

172 4226 407 4309 convenientis,
426 4226 488 4291 736
504 4240 643 4312 corpora
661 4225 822 4294 consimili
839 4275 846 4290 .
864 4274 872 4291 .
889 4226 1009 4308 colore,
1027 4225 1089 4290 763
1105 4224 1262 4309 perfacile
1278 4273 1287 4292 .
1304 4273 1313 4292 .
