2924 4740
764 385 959 445 ..2-

296 558 418 623 formae
441 555 581 641 speciem
604 555 775 639 praebent,
804 575 843 619 ac
866 555 949 620 tales
980 554 1134 620 formulas
1165 553 1207 619 ad
1230 556 1309 621 artis
1332 555 1436 638 legem

296 662 444 745 componi
466 680 563 745 posse
586 660 745 743 opinatur.
793 712 844 762 ᾖ..
902 747 920 759 ..

426 764 552 830 Deinde
576 763 790 831 nominandus
806 770 865 837 ‚est
887 763 937 828 W.
955 763 1132 845 Ebrardus,
1157 764 1209 848 qui
1233 764 1450 828 Thielmanni

297 871 492 936 sententiam
528 876 658 934 secutus
692 869 725 934 in
760 868 970 935 sollemnibus
1005 868 1238 934 anniversariis
1269 868 1437 951 Gymnasii

273 966 465 1039 :Barutbini
481 995 566 1038 anno
585 973 725 1056 1881l82
750 972 824 1058 (Die
843 950 1062 1037 illitteratos
1085 973 1119 1037 in
1143 972 1199 1037 der
1223 972 1436 1037 lateiniscben

296 1079 455 1165 Sprache)
479 1100 543 1143 non
566 1079 669 1144 solum
693 1076 935 1142 allitterationis
954 1079 1104 1160 exempla
1127 1077 1340 1143 coordinatim
1363 1098 1437 1141 con-

294 1185 414 1264 iuncta,
446 1204 529 1266 quae
551 1181 766 1248 Woelfflinius
798 1181 987 1265 collegerat,
1023 1181 1115 1247 novis
1147 1182 1302 1266 exemplis
1338 1181 1438 1262 auxit,

295 1288 353 1352 sed
377 1289 474 1352 etiam
498 1309 650 1372 magnum
674 1307 840 1351 numerum
869 1286 1110 1351 allitterationis
1134 1287 1352 1370 exemplorum
1375 1307 1438 1350 non

296 1392 508 1458 coordinatim
533 1392 775 1457 coniunctorum
798 1411 815 1455 e
838 1389 1050 1473 scriptoribus
1074 1398 1105 1454 et
1126 1389 1253 1473 priseae
1278 1397 1310 1455 et
1332 1397 1438 1474 poste·

217 1492 228 1515 ⁴
296 1496 390 1562 rioris
415 1496 602 1561 Latinitatis
626 1495 758 1579 collegit
781 1516 820 1560 ac
843 1494 1013 1579 disposuit.

426 1604 507 1666 Tum
527 1607 657 1685 praeter
680 1621 747 1683 coe,
771 1620 852 1684 quos
883 1619 982 1683 supra
1004 1598 1178 1678 nominavi,
1203 1599 1265 1664 duo
1289 1605 1438 1664 auctores

297 1705 453 1771 afferendi
478 1712 563 1788 sunt,
593 1705 647 1788 qui
669 1703 767 1770 iidem
791 1703 982 1769 tractandae
1005 1711 1138 1768 nostrae
1160 1703 1284 1787 figurae
1308 1724 1438 1787 operam

295 1815 506 1875 navaverunt.

426 1915 473 1978 Ac
496 1913 603 1997 priore
626 1915 698 1978 loco
721 1913 855 1977 afferam
876 1913 1035 1977 Jcannem
1058 1911 1240 1996 Kvicalam
1265 1912 1318 1995 qui
1342 1914 1438 1996 paulo

297 2026 373 2084 ante
396 2003 627 2088 Woelfflinium
650 2017 683 2082 in
707 2017 813 2101 capite
838 2016 907 2082 eius
930 2016 1015 2098 libri,
1040 2015 1094 2098 qui
1117 2016 1304 2081 inscribitur
1331 2017 1439 2098 ,Neue

295 2123 448 2206 Beitrage
472 2143 528 2186 zur
544 2121 733 2205 Erkltlrung
756 2121 813 2185 der
831 2120 947 2188 Aeneis
972 2121 1066 2185 nebst
1082 2118 1250 2185 mehreren
1265 2120 1438 2186 Exkursen

296 2227 363 2293 und
396 2226 669 2310 Abhandlungen,
707 2227 795 2309 Prag
832 2225 934 2289 1881“
975 2224 1216 2291 allitterationis
1249 2224 1280 2288 in
1317 2225 1439 2308 Vergili

296 2330 440 2397 Aeneide
462 2351 555 2397 usum
582 2329 829 2415 diligentissime
858 2351 896 2395 ac
919 2329 1077 2395 latissime
1101 2330 1321 2414 pertractavit.
1368 2330 1439 2407 Qua

295 2437 328 2501 in
353 2436 542 2520 quaestione
565 2457 630 2500 non
647 2436 750 2501 solum
767 2434 909 2518 respicit,
934 2455 1028 2517 quem
1044 2435 1149 2499 locum
1174 2435 1318 2499 obtineat
1334 2434 1439 2517 figura

295 2541 352 2605 illa
374 2541 406 2605 in
431 2560 537 2623 versu,
568 2546 675 2604 utrum
711 2541 942 2623 complectatur
977 2538 1040 2603 duo
1074 2541 1175 2604 verba
1209 2561 1249 2603 an
1274 2540 1439 2622 complura

297 2666 407 2710 eorum
428 2645 530 2729 paria,
554 2652 660 2709 utrum
676 2665 774 2710 voces
800 2643 1013 2708 coordinatim
1030 2645 1220 2709 coniunctae
1237 2644 1301 2708 sint
1324 2664 1438 2725 necne,

297 2748 475 2815 sedetiam
499 2748 710 2830 demonstrat,
746 2747 823 2831 quid
857 2747 968 2812 auxilii
999 2749 1156 2831 praebeat
1185 2747 1372 2812 allitteratio
1397 2747 1438 2812 ad

298 2860 521 2938 corruptorum
543 2871 695 2918 versuum
717 2853 806 2917 locos
831 2851 1040 2936 corrigendos
1064 2858 1096 2916 et
1117 2851 1350 2936 explanandos.
1395 2852 1439 2916 Ut

296 2957 413 3024 deinde
452 2957 650 3023 demonstret
687 2956 867 3040 Vergilium
905 2956 1145 3022 allitterationis
1180 2956 1317 3040 figuram
1353 2954 1438 3039 apud

296 3063 420 3148 priores
442 3063 661 3126 Romanorum
683 3068 797 3146 poetas
827 3061 990 3126 invenisse
1022 3082 1157 3144 eamque
1181 3062 1318 3126 libenter
1342 3068 1438 3144 atque

298 3169 465 3251 eleganter
499 3165 697 3248 adhibuisse,
732 3187 850 3249 magno
884 3187 1016 3231 numero
1051 3168 1270 3249 exemplorum
1303 3187 1320 3230 e
1355 3187 1439 3230 com-

229 3358 231 3363 Υ
299 3271 444 3355 pluribus
468 3269 572 3353 poetis
589 3269 715 3353 priscae
731 3269 918 3335 Latinitatis
935 3270 1123 3335 hausturum
1139 3270 1339 3355 frequentem
1355 3270 1442 3334 illius

301 3395 394 3440 usum
409 3374 548 3458 probare
568 3380 711 3438 conatur.
756 3375 924 3440 Postremo
948 3374 1099 3458 explicat,
1123 3373 1238 3457 quibus
1262 3373 1443 3438 rationibus

300 3480 333 3543 in
351 3478 543 3562 colligendis
559 3478 682 3562 figurae
699 3479 855 3563 exemplis
872 3479 914 3543 sit
930 3479 1056 3544 ductus.
1092 3479 1318 3544 Consideranti
1336 3485 1444 3542 autem

301 3582 379 3648 mihi
401 3582 561 3666 thcalae
591 3588 813 3665 quaestionem
841 3583 895 3648 ille
927 3583 1136 3648 multifariam
1164 3584 1269 3667 magis
1293 3583 1443 3648 coniunc-

301 3686 398 3752 tionis
412 3685 546 3752 formam
561 3707 656 3770 quam
672 3707 801 3751 sensum
816 3688 1008 3753 observasse
1024 3708 1128 3770 neque
1144 3696 1232 3753 recte
1248 3687 1445 3753 diiudicasse

300 3791 437 3872 videtur,
472 3791 600 3874 quando
632 3799 729 3875 poeta
758 3791 863 3876 figura
894 3792 952 3856 illa
979 3793 1145 3857 voluntate
1175 3815 1214 3858 ac
1238 3791 1344 3857 studio
1367 3812 1445 3857 usus

301 3901 358 3960 aut
388 3895 517 3978 quando
549 3917 589 3962 ea
618 3904 690 3963 orta
720 3896 762 3962 sit
793 3917 888 3977 casu3
923 3898 1025 3961 multa
1048 3898 1133 3962 enim
1164 3899 1257 3963 affert
1286 3899 1444 3982 exempla,

304 4021 386 4084 quae
409 4006 483 4065 sunt
506 4001 602 4084 levia,
626 4001 734 4079 exilia,
761 4001 903 4066 fortuita.

434 4105 525 4170 Alter
541 4111 649 4171 autem
666 4113 777 4172 auctor
796 4114 846 4170 cst
861 4090 1080 4187 Buchboldus,
1098 4105 1150 4189 qui
1168 4106 1200 4170 in
1218 4104 1446 4172 dissertatione

304 4210 489 4296 inaugurali
526 4209 698 4294 Lipsiensi,
737 4231 819 4294 quae
857 4205 1042 4275 inscribitur
1093 4210 1161 4292 ,De
1198 4231 1447 4294 paromoeoscos
