2924 4740
621 367 836 440 ..41-

203 540 468 613 Nominativi
492 548 680 615 subiecti
702 551 794 617 loco
818 552 944 617 etiam
966 554 1254 622 nominativus

237 651 561 735 praedicativus
584 653 795 720 adieetivi
823 657 889 721 vei
913 656 1142 743 participii
1164 660 1230 724 vel

298 757 523 822 vocativus
547 778 632 823 cunr
655 759 783 824 verbo
807 759 1062 841 coniunctus
1087 773 1160 827 est.

1000 852 1005 875 Ι

159 961 256 1030 ardet
279 964 449 1030 abundans
472 965 588 1046 4,1191
614 967 647 1031 in
673 973 753 1032 extr.
778 988 862 1034 vers.

159 1068 253 1134 clara
275 1069 400 1134 elueret
425 1070 519 1152 1,119
624 1119 638 1153 „
708 1121 723 1154 „
810 1122 824 1154 „

160 1173 321 1239 inclusum
341 1174 346 1256 l
366 1173 463 1238 certis
487 1173 679 1239 consisteret
702 1176 767 1240 oris
793 1176 888 1259 l‚985

179 1280 274 1360 iqua
296 1284 426 1345 constet
449 1284 581 1362 compta
603 1274 709 1362 figura
734 1280 829 1361 1‚950

157 1381 194 1446 in
217 1382 390 1449 concilium
415 1432 422 1447 .
447 1431 454 1446 .
479 1382 650 1466 compulsa
672 1383 761 1449 coire
785 1384 880 1463 2563

158 1504 320 1553 concussa
343 1487 538 1553 cachinnent
563 1487 675 1567 1‚919;
699 1487 795 1567 2,976
818 1488 851 1552 in
875 1493 956 1552 extr.
981 1508 1011 1553 v.

159 1609 403 1675 concussaeque
426 1590 546 1657 cadunt
569 1591 695 1676 (urbest
719 1591 837 1673 5,1253

159 1711 289 1763 conexa
310 1695 465 1762 cohaeret
488 1694 607 1773 6‚t008
630 1696 662 1759 in
689 1702 769 1760 extr.
793 1717 823 1760 v,

160 1799 334 1866 coniuncta
357 1800 477 1867 cadunt
500 1800 618 1882 6,1005
642 1849 650 1864 .
676 1852 682 1863 .
707 1799 827 1865 cadunt
848 1799 853 1886 Ι
873 1801 1046 1866 coniuncta
1070 1852 1077 1865 .
1103 1854 1109 1865 .

159 1914 294 1989 possent
316 1923 494 1988 congressa
517 1923 628 1971 creare
651 1905 759 1986 5,19l,
782 1906 847 1969 426
870 1907 904 1970 in
927 1912 1009 1971 extr.
1032 1928 1062 1971 v.

178 2011 184 2091 Ι
203 2008 353 2077 consistit
376 2029 501 2074 summa
524 2018 636 2076 creata
661 2010 776 2091 l,1028

177 2114 380 2200 tutudistis,
403 2114 499 2181 diva!
526 2115 597 2196 128

158 2219 316 2286 discessit
339 2220 463 2286 diditus
486 2220 592 2302 ardor,
617 2220 713 2303 3‚475

158 2324 269 2390 divisa
292 2324 485 2391 disiectatur
508 2325 670 2390 distracta
686 2325 782 2407 3,498
806 2324 914 2389 divisa
937 2342 1082 2393 seorsum
1099 2323 1302 2388 Disiectatur

291 2428 404 2495 eodem
426 2430 481 2495 illo
503 2431 507 2514 Ι
528 2430 689 2496 distracta
712 2449 846 2494 veneno.

159 2532 279 2600 emicat
302 2534 453 2599 exultans
476 2532 683 2617 alte12,195

161 2637 333 2721 exagitata
357 2637 443 2702 foras
467 2638 645 2722 erumpitur
668 2636 763 2719 6,583

159 2739 354 2826 expergitus
377 2748 490 2807 exstat
513 2741 608 2824 eea?
632 2741 664 2805 in
689 2746 770 2806 extr.
793 2761 824 2805 v.

159 2845 252 2911 fessa
275 2844 386 2910 fatisci
409 2846 505 2927 3‚458
528 2845 561 2910 in
585 2852 665 2910 extr.
689 2865 719 2909 v.

159 2956 191 3015 et
214 2969 297 3032 qnae
320 2951 465 3016 confiunt
488 2971 529 3015 ex
550 2951 664 3016 horum
686 2951 779 3016 facta
801 2948 927 3034 figuris.
951 2947 1048 3029 4‚736

158 3055 226 3121 illis
250 3055 355 3120 iratus
379 3106 386 3120 .
412 3106 419 3120 .
444 3105 451 3121 .
476 3063 572 3140 atque
593 3055 597 3141 Ι
617 3055 760 3122 infestus
783 3056 916 3138 inurget
939 3054 1056 3136 5,1033

161 3159 329 3227 labefacta
351 3160 535 3243 liquescunt
557 3160 675 3242 atreo
697 3160 730 3225 in
755 3167 837 3226 extr.
860 3181 890 3224 v.

159 3264 257 3348 periit
278 3264 400 3353 partita
423 3286 480 3350 per
503 3272 593 3331 artus
615 3265 712 3347 etos

158 3369 285 3452 periere
307 3370 442 3454 profusa
465 3371 560 3453 3,938
583 3371 616 3435 in
640 3377 720 3436 extr.
744 3390 775 3435 v.

160 3527 167 3542 .
193 3529 200 3543 .
224 3476 373 3559 profecta
394 3476 571 3542 Perveniat
595 3526 602 3541 .
627 3525 635 3541 .
659 3475 755 3557 4,551

178 3582 184 3668 Ι
203 3587 353 3667 pugnant
375 3580 522 3664 perfecta
543 3580 665 3665 figura3
689 3580 785 3661 2409

159 3688 305 3755 reiectae
335 3686 471 3769 repulsu
501 3684 644 3751 reddunt
667 3684 765 3764 4,104
787 3683 964 3765 crebroque
988 3681 1123 3765 repulsu
1146 3679 1303 3744 Reieetac

288 3789 498 3857 reddunt..

158 3895 322 3982 religione
344 3895 530 3962 refrenatus
551 3898 584 3977 Ι.
611 3945 618 3960 .
642 3894 749 3962 rearis
773 3895 870 3976 5‚114

178 4005 184 4086 Ι
203 4008 358 4084 retroque
381 4001 517 4084 repulsa
539 3999 662 4066 reverti
686 3999 784 4082 2130

176 4107 315 4193 isalvas
338 4105 507 4174 exsolvere
531 4125 605 4175 sese
629 4103 726 4187 3,694

158 4264 167 4283 .
192 4264 201 4282 .
225 4210 386 4284 sincerum
407 4219 412 4296 1
432 4232 547 4282 sonere
571 4218 668 4295 atque
692 4208 828 4278 subesse
851 4205 946 4286 3‚871
