2924 4740
613 391 826 457 ..53-

172 563 317 648 lpoterit
340 565 485 649 perferre
510 565 652 631 dolorem
676 566 772 647 &988

172 671 337 753 {pergam
360 674 536 753 pertexere
560 669 655 734 dictis
680 670 754 751 6,42

155 794 253 857 posse
278 774 411 857 probari
435 775 531 856 2,499
554 775 586 839 in
610 781 690 839 extr.
714 795 744 838 v.

155 880 245 944 clara
267 885 342 942 tuae
364 878 488 962 possim
508 881 514 964 Ι
533 878 759 962 praepandere
782 878 903 942 lumina
926 877 1035 956 menti,
1062 875 1156 959 1‚144

154 988 290 1066 possunt
313 984 409 1064 pulsa
432 983 539 1065 perire
562 982 842 1067 5‚3721possunt
864 982 896 1046 vi
918 983 1015 1066 pulsa
1036 981 1153 1065 parire.

153 1087 211 1152 sed
234 1087 376 1154 breviter
398 1088 512 1172 paucis
533 1086 537 1172 1
557 1095 708 1172 praestat
731 1087 967 1172 comprendere
990 1088 1100 1151 multa.
1124 1086 1239 1168 cnoel

153 1211 252 1278 posse
276 1193 436 1275 putabant
464 1192 592 1275 nilve,
623 1199 793 1277 praestare
823 1193 983 1277 putabant
1012 1191 1129 1274 5,]177
1159 1196 1294 1273 utroque
1356 1192 1359 1197 ’

282 1297 354 1363 loeo
378 1304 459 1363 extr.
483 1298 645 1364 inversu.
1064 1347 1067 1354 .

137 1421 253 1485 posse
276 1401 487 1485 putandumst
510 1402 616 1485 2700,
640 1402 720 1483 8093
744 1401 850 1482 5,750,
876 1421 974 1484 posse
994 1406 1127 1485 putetur
1143 1399 1240 1482 5‚754
1262 1399 1295 1464 in
1410 1393 1412 1397 ’

285 1512 365 1570 extr.
388 1527 473 1572 vers.
1328 1502 1333 1510 ’

153 1609 310 1693 prodesse
333 1611 512 1693 putandum
536 1612 610 1694 239
635 1617 716 1676 extr.
740 1611 760 1675 i.
785 1632 815 1675 v.

153 1714 274 1780 sentire
297 1715 399 1781 suetis
422 1715 517 1798 2903
541 1715 585 1780 id.

154 1819 275 1884 sentire
300 1837 417 1885 sonare
440 1819 535 1902 4327
559 1820 603 1884 id.

153 1923 282 1989 variare
306 1925 396 2015 voles
420 1924 513 2006 2491
540 1975 546 1988 .
572 1975 579 1989 .
604 1926 694 1991 voles
714 1926 719 2008 1
739 1924 867 1990 variare
890 1924 1022 2009 figuras,

153 2028 257 2094 vitare
281 2029 383 2095 velint
405 2029 501 2111 2,558
524 2035 559 2093 ut
581 2029 686 2096 vitare
708 2030 810 2096 velint
830 2033 835 2113 Ι

185 2255 215 2320 b.
240 2256 514 2321 Allitteratio
538 2257 747 2322 adiectivi
770 2259 837 2322 vel
860 2256 1088 2342 participii
1112 2277 1196 2320 eum
1221 2277 1265 2321 eo

360 2361 584 2443 vocabulo,
610 2360 717 2444 quod
741 2361 789 2425 ad
813 2382 860 2426 ea
882 2361 1082 2444 pertinet.

152 2570 269 2634 aspera
292 2551 412 2617 adactu
435 2552 531 2632 6,778
552 2554 556 2636 i
577 2558 674 2635 atque
698 2572 816 2637 aspera
841 2551 960 2618 adactu

156 2657 246 2720 caeci
270 2657 420 2740 cupidine
443 2656 563 2740 gneo
586 2656 737 2740 cupidine
761 2657 850 2722 caeci
873 2657 907 2721 in
931 2663 1012 2721 extr.
1035 2678 1064 2721 v.

153 2759 289 2843 cupidus
312 2761 460 2827 certandi
482 2762 536 2844 3,5
560 2782 622 2828 non
646 2762 692 2825 ita
717 2760 863 2827 certandi
887 2761 1023 2846 cupidus
1044 2762 1048 2844 i

152 2864 297 2930 lacrimis
318 2864 322 2950 Ι
342 2866 424 2931 lassi
447 2867 602 2948 luctuque
626 2865 789 2930 redibant:
813 2865 931 2947 6,1246

153 2976 283 3035 maesta
305 2975 453 3060 nractatu
478 2970 549 3053 1,99
570 2971 574 3054 Ι
595 2976 742 3039 mactatu
765 2978 896 3035 maesta
917 2970 1072 3054 parentis,

152 3080 246 3138 muta
268 3080 359 3138 metu
381 3080 501 3138 terram
521 3074 525 3157 1
546 3075 683 3158 genibus
707 3075 883 3139 summissa
906 3075 1054 3158 petebat:
1081 3074 1153 3156 1,92

153 3184 299 3243 semotus
322 3187 412 3243 metu
436 3179 848 3262 2‚19sem0tu'metuque
873 3186 953 3244 extr.
978 3180 1010 3244 in
1034 3200 1129 3244 versu

172 3282 177 3365 Ι
196 3283 312 3348 multis
334 3284 506 3366 multoque
529 3284 684 3368 minores,
710 3285 804 3366 1‚735

152 3387 185 3451 in
209 3389 304 3453 omni
328 3389 490 3453 Omnibus
514 3396 664 3455 ornatum
688 3391 760 3471 1,27

153 3492 394 3576 volgivagaque
417 3511 523 3576 vagus
546 3493 672 3558 Venere
695 3493 812 3576 4‚1063

154 3739 180 3782 c.
212 3718 487 3784 Allitteratio
517 3719 728 3785 adieetivi
758 3739 843 3783 eum
868 3718 1161 3799 substantivo,
1186 3714 1295 3799 quod

390 3825 579 3908 pertinet
609 3824 659 3889 ad
685 3824 1056 3908 praepositionem.

156 4014 270 4096 gravis
292 4014 376 4079 inter
400 4012 520 4080 Graios
546 4015 641 4096 1,640
663 4015 801 4098 quamde
823 4015 938 4095 gravis
961 4015 1044 4080 inter
1067 4013 1188 4081 Graios
1208 4016 1214 4094 Ι

152 4125 269 4184 renata
292 4117 332 4183 de
355 4119 423 4184 nilo
442 4119 534 4199 1,542
558 4119 597 4184 de
620 4120 752 4202 niloque
777 4127 893 4186 renata
908 4118 1013 4183 forent
1033 4127 1066 4200 1,
1090 4119 1152 4182 673
1170 4118 1210 4183 de
1227 4115 1295 4180 nilo

282 4227 400 4288 renata
422 4222 579 4306 vigescat,
606 4224 667 4287 757
692 4223 732 4287 de
755 4223 1027 4309 niloque[renata
1052 4223 1229 4306 vigescere.
