2924 4740
653 365 867 445 413⁴.

193 559 355 624 hominum
371 563 510 633 mentes,
532 538 669 635 magnis
693 555 746 636 qui
770 556 930 622 mortibus
954 556 1053 621 edunt
1068 556 1192 642 llagna
1214 559 1333 638 albot

195 688 257 751 quo
281 665 392 730 minus
416 669 465 726 est
488 661 608 725 mirum
630 681 722 727 mare
746 711 753 723 .
779 709 786 724 .
812 710 819 724 .
843 683 998 746 magnum
1021 663 1118 740 bere
1140 704 1175 724 =
1197 686 1238 730 aa
1262 665 1303 729 bb

191 772 343 843 mobilior
364 767 541 848 multisque
564 764 720 832 minutior
743 772 774 829 et
797 787 895 850 mage
919 768 1044 851 pollens
1066 767 1161 851 4341

192 933 199 947 .
224 930 232 947 .
256 931 264 945 .
288 884 319 943 et
335 873 451 942 mollia
464 871 613 940 membra
628 889 772 954 movere,
795 871 922 949 mollia,
944 871 1112 939 mobiliter
1136 922 1143 936 .
1168 922 1175 937 .
1198 874 1331 942 mittunt

317 979 415 1062 *cruet

191 1105 361 1174 admonuit
372 1118 536 1169 memores
552 1105 663 1165 motus
676 1098 888 1181 languescere
901 1101 1023 1169 mentis
1047 1102 1165 1184 3‚1038
1180 1142 1214 1161 =
1231 1103 1271 1166 ab
1289 1102 1329 1165 ab

189 1215 359 1293 multaque
390 1211 560 1289 praeterea
590 1201 776 1266 oeciderunt
808 1206 937 1271 moenia
966 1208 1097 1291 magnis
1125 1206 1268 1274 motibus
1296 1206 1328 1270 in

319 1310 424 1391 terris,
448 1316 479 1372 et
502 1308 627 1376 multae
651 1326 709 1390 per
732 1326 825 1373 mare
848 1329 978 1392 pessum
1003 1312 1100 1391 6‚b88

189 1442 263 1506 hino
294 1437 401 1500 fessae
431 1431 574 1518 peoudes
604 1431 717 1516 pingui
748 1451 807 1516 per
839 1435 962 1518 pabula
991 1436 1079 1499 laeta
1102 1434 1244 1519 Corpora
1275 1433 1328 1498 de·
1405 1419 1408 1425 ¹

317 1547 441 1624 ponunt
465 1536 557 1614 1357

187 1665 352 1754 perplexis
375 1659 568 1746 indupedita
583 1657 735 1738 Pungere
752 1657 798 1721 uti
816 1661 942 1746 possint
959 1682 1074 1745 eorpus
1090 1669 1327 1748 penetrareque

318 1788 389 1833 sese
412 1764 508 1846 atae

189 1947 196 1960 .
221 1945 229 1960 .
255 1891 365 1979 potius
389 1888 546 1974 praebere
570 1891 604 1948 ut
627 1901 726 1968 posse
749 1893 902 1969 putentur
924 1889 1021 1970 5,]24
1043 1930 1076 1950 =
1099 1889 1140 1953 ab
1166 1888 1207 1953 ab

184 2019 303 2083 parare
332 1997 404 2060 Non
436 1992 560 2074 potuit,
590 1989 729 2070 pedibus
753 1992 806 2073 qui
829 2002 965 2071 pontum
989 2011 1048 2076 per
1074 1993 1160 2058 vada
1188 2000 1326 2073 possent

315 2099 469 2164 Transire
493 2105 524 2162 et
546 2115 685 2178 magnos
709 2096 860 2163 manibus
889 2097 1041 2164 divellere
1064 2098 1186 2167 montis
1209 2098 1324 2162 Multa-

314 2227 374 2289 que
397 2203 536 2272 vivendo
560 2200 674 2270 vitalia
698 2203 829 2270 sineere
852 2203 962 2267 saeela
987 2205 1080 2283 l,199
1104 2224 1193 2286 seqq.

183 2331 376 2415 prospicere
401 2337 435 2390 ut
466 2343 654 2407 possemus,
688 2333 720 2390 et
742 2331 777 2388 ut
800 2325 951 2404 proferre
982 2346 1136 2408 queamus
1158 2329 1325 2394 Prueeros

313 2450 443 2515 passus,
466 2432 539 2496 ideo
562 2429 697 2513 fastigia
718 2446 820 2510 posse
842 2431 938 2512 4‚823

181 2564 417 2640 proptereaque
448 2561 542 2634 putes
578 2552 640 2616 ritu
681 2569 742 2632 par
773 2573 846 2617 esse
877 2551 1052 2635 Gigantum
1087 2552 1236 2618 Pendere
1267 2574 1323 2619 eos

312 2676 436 2740 poenas
460 2709 468 2722 .
493 2708 500 2721 .
525 2656 620 2738 5,]17

182 2805 240 2849 nee
264 2781 410 2862 potuisse
433 2778 653 2863 propagando
676 2779 861 2859 procudere
884 2779 1014 2858 prolem
1038 2777 1135 2852 5,853

180 2927 240 2970 neo
278 2904 496 2984 procumbere
547 2901 633 2965 humi
678 2908 882 2982 prostratum
929 2908 960 2965 et
1008 2899 1152 2980 pandere
1193 2902 1319 2980 palmas

309 3005 426 3089 5,]198
449 3046 483 3064 =
506 3027 547 3069 aa
569 3007 612 3072 bb

178 3147 277 3211 saepe
301 3129 385 3193 solet
408 3125 551 3191 seintilla
574 3144 651 3192 suos
675 3146 711 3193 se
735 3146 891 3212 spargere
914 3127 947 3191 in
971 3126 1057 3209 ignis
1080 3125 1176 3207 leot

179 3251 262 3315 seire
286 3250 362 3314 lieet
392 3269 455 3313 non
478 3247 638 3313 sincerum
672 3266 788 3314 sonere
812 3257 909 3331 atque
932 3250 1068 3315 subesse
1092 3299 1099 3314 .
1124 3299 1131 3314 .
1155 3251 1319 3316 stimulum

307 3354 396 3435 3‚8tt
427 3373 494 3434 seq.

177 3475 236 3540 sed
259 3475 435 3541 simulaera
457 3474 564 3539 solere
587 3475 620 3538 in
644 3476 768 3541 somnis
784 3477 897 3541 fallere
913 3483 1051 3540 mentem
1068 3475 1145 3554 5,62
1159 3517 1194 3538 =
1211 3500 1252 3542 aa
1275 3479 1318 3544 bb

179 3580 211 3642 in
236 3580 359 3644 somnis
382 3578 500 3644 sudare
523 3588 630 3643 tamen
654 3580 842 3664 spirareque
864 3599 992 3664 semper
1012 3579 1108 3662 4,985

176 3701 316 3766 sorsum,
341 3702 469 3751 sorsum
492 3700 589 3766 sapor
613 3683 794 3749 insinuatur
817 3682 974 3752 Sensibus
998 3683 1096 3762 2‚ee4
1118 3704 1185 3766 seq.

175 3787 273 3869 idque
297 3789 359 3854 sibi
383 3789 485 3853 solum
509 3809 567 3872 per
590 3807 625 3854 se
649 3790 751 3874 sapit:
776 3787 809 3852 id
833 3789 894 3854 sibi
918 3787 1041 3873 gaudet
1062 3789 1159 3871 3,]45

175 3894 208 3957 in
232 3894 397 3977 speluncis
420 3911 503 3958 saxa
525 3911 667 3978 superne
692 3892 818 3962 Sudent
841 3943 848 3956 .
874 3944 881 3958 .
907 3901 939 3958 et
963 3944 970 3958 .
995 3943 1002 3956 .
1026 3893 1150 3958 stillent
1172 3893 1269 3975 6342

177 4005 292 4081 sponte
317 4017 380 4064 sua
403 4016 532 4062 sursum
555 4006 691 4081 possunt
714 4015 914 4082 eonsurgere
936 3997 969 4061 in
992 4016 1089 4061 auras
1112 3997 1230 4079 alere

172 4124 189 4168 e
212 4105 357 4170 tenebris
380 4103 482 4171 tantis
506 4107 575 4170 tam
600 4104 721 4168 elarum
746 4103 905 4170 extollere
928 4102 1036 4165 lumen
1059 4102 1110 4184 3,1

170 4216 296 4282 restem
321 4210 515 4293 chartasque
537 4208 677 4279 uolantis
703 4207 906 4274 Verberibus
937 4205 1026 4278 venti
1059 4214 1197 4278 versant
1219 4208 1317 4295 e,114
