2924 4740
631 356 845 440 -ςο-

174 553 253 620 shno
279 549 469 633 afficeretur,
493 571 588 634 quam
612 557 647 615 ut
670 550 703 633 ii,
726 550 779 634 qni
804 549 962 633 audirent,
987 571 1084 618 voces
1100 570 1314 635 versuumque

176 664 286 743 partes
317 655 546 721 allitteratioue
571 655 759 720 coniunctas
789 662 820 719 et
857 654 1029 720 distinctas
1061 656 1211 720 sensibus
1242 676 1314 739 per-

173 761 327 846 ciperent.

302 882 498 948 Allitteratio
532 889 582 946 est
614 881 712 964 igitur·
746 882 838 965 quasi
862 882 978 964 copula
1011 880 1187 965 quaedam,
1229 901 1313 964 quae

173 990 286 1072 efficit,
310 996 345 1053 ut
360 987 508 1053 notiones
525 1007 563 1051 ac
579 988 760 1053 sententiae
777 989 897 1054 maiore
916 989 946 1052 vi
964 987 1080 1054 animis
1100 986 1313 1068 sensibusque

174 1091 502 1178 comprehendentem
527 1097 623 1173 atque
645 1090 677 1154 id
701 1090 820 1174 duplici
844 1091 969 1158 ratione
993 1091 1140 1157 efficitur.

302 1215 474 1298 Coniungit
513 1215 596 1279 enim
628 1215 696 1295 illa,
730 1215 764 1278 id
795 1217 880 1300 quod
904 1217 1060 1300 exemplis
1084 1238 1104 1280 a
1127 1235 1177 1279 me
1201 1213 1311 1278 allatis

174 1320 302 1405 penitus
338 1319 482 1403 intellegi
506 1327 623 1403 potest,
659 1340 721 1384 nou
746 1321 848 1384 solum
872 1322 1030 1401 notiones,
1054 1340 1137 1402 quae
1160 1328 1215 1383 aut
1238 1339 1314 1402 syn·

172 1435 287 1492 taxeas
309 1425 499 1509 logicaeque
522 1423 650 1507 legibus
673 1422 858 1506 iungendae
882 1433 938 1489 aut
961 1422 1199 1508 comparandae
1226 1431 1310 1503 sunt,

173 1530 231 1596 sed
255 1530 352 1595 etiam
368 1528 540 1593 adhibetur
555 1527 596 1592 ud
615 1527 691 1592 bina
707 1548 856 1594 versuum
873 1529 1077 1596 hemistichia
1098 1527 1312 1594 contexenda.

302 1652 374 1729 Qua
393 1651 425 1714 in
450 1671 485 1715 re
509 1671 571 1714 uon
596 1671 710 1734 negem
735 1649 821 1714 lruud
845 1672 951 1735 pauca
972 1652 1132 1717 vocabula
1155 1650 1312 1714 contineri

173 1757 413 1835 allitteratione,
448 1774 531 1837 quae
565 1753 606 1816 ad
640 1755 832 1818 sententiam
864 1756 974 1839 exigui
997 1755 1148 1821 momenti
1172 1753 1236 1817 siut
1258 1762 1313 1816 aut

173 1883 255 1946 quae
281 1861 386 1924 minus
408 1859 492 1923 inter
509 1878 544 1921 se
563 1878 686 1922 conexa
702 1865 734 1922 et
751 1868 827 1941 apta
844 1859 908 1923 sint
925 1867 1078 1925 ettamen
1102 1879 1174 1924 esse
1191 1857 1316 1941 possint

172 1987 190 2030 e
216 1966 380 2029 voluntate
404 1962 581 2045 scriptoris.

702 2084 780 2166 VI.

301 2241 394 2305 Nunc
419 2238 495 2303 mihi
519 2246 620 2303 restat
644 2239 725 2304 duas
749 2242 843 2323 alias,
868 2262 949 2324 quas
973 2240 1166 2325 supradixi,
1190 2239 1313 2322 figurae

171 2345 315 2412 rationes
344 2352 496 2424 tractare,
529 2365 603 2408 nam
634 2365 705 2409 meo
737 2345 856 2412 iudicio
886 2347 919 2410 in
940 2346 1053 2412 eadem
1077 2343 1313 2409 coniunctionis

173 2449 329 2514 facultate
371 2448 496 2533 positae
539 2455 622 2511 srrnt.
670 2451 775 2514 Antea
816 2451 901 2516 euim
945 2449 1012 2515 dixi
1050 2448 1313 2514 allitterationenr

173 2553 369 2639 coniungere
391 2554 489 2619 etiam
507 2572 619 2618 versus
635 2553 691 2633 ita,
710 2563 743 2618 ut
761 2575 840 2620 unus
856 2554 1154 2620 versus'vocabulis
1173 2550 1319 2633 finiatun

173 2677 349 2739 quaecum
373 2657 476 2741 primo
499 2657 550 2722 vel
571 2655 683 2740 primis
707 2659 874 2724 vocabulis
898 2659 1031 2724 alterius
1054 2679 1168 2725 versus
1196 2657 1313 2722 allitte-

173 2761 330 2825 rationem
353 2761 486 2840 faciunt,
510 2759 542 2823 id
566 2760 669 2824 estin
694 2764 797 2828 altero
820 2784 915 2828 versu
940 2784 978 2828 ea
1003 2764 1215 2828 continuetur.
1259 2756 1262 2761 ’

301 2865 460 2947 Exempla
482 2864 577 2928 huius
594 2864 738 2948 rationis,
763 2888 858 2949 quarn
882 2867 1089 2932 Buchholdus
1108 2887 1234 2949 quoque
1253 2866 1272 2929 l.
1290 2867 1311 2929 l.

173 2988 247 3052 pag.
272 2971 313 3033 62
337 2967 532 3048 observavit,
558 2975 631 3031 sunt
654 2967 749 3034 baec:

653 3127 778 3196 Liber
800 3131 829 3197 1.

174 3286 204 3330 v.
229 3265 280 3329 29.
315 3262 414 3328 effice
440 3269 473 3327 ut
496 3263 620 3328 interea
643 3263 716 3328 fera
739 3284 895 3331 moenera
918 3265 1047 3330 militiai

303 3369 365 3433 Per
387 3367 493 3432 maria
515 3417 547 3431 ..

195 3474 268 3537 201.
303 3473 442 3537 transire
465 3479 496 3536 et
516 3486 657 3557 magnos
674 3476 824 3544 manibus
841 3475 994 3540 divellere
1010 3474 1131 3540 montis

305 3577 469 3661 Multaque
493 3578 635 3644 vivendo
660 3581 775 3646 vitalia
799 3582 930 3647 vincere
954 3581 1073 3646 saecla.

196 3684 268 3747 257.
304 3683 379 3747 irinc
403 3683 509 3747 fessae
532 3684 674 3766 pecudes
698 3686 810 3770 pingui
834 3706 894 3769 per
916 3686 1037 3769 pabula
1059 3685 1147 3748 laeta

305 3786 449 3869 Corpora
473 3787 637 3870 deponunt
660 3840 668 3872 ,
693 3840 700 3856 .
725 3840 732 3855 .
757 3841 764 3854 .

195 3893 268 3958 275.
306 3890 487 3975 silvifragis
511 3901 608 3958 vexat
631 3894 768 3959 flabris:
791 3895 838 3959 ita
855 3895 993 3979 perfurit
1016 3894 1082 3960 acri

303 3998 380 4062 Cum
405 3996 534 4061 fremitu
558 4000 723 4083 saevitque
747 4001 868 4066 minaci
892 4021 1054 4066 murmure
1078 4007 1203 4065 ventus.

195 4105 269 4169 338.
305 4102 452 4167 omnihus
475 4101 560 4168 haud
583 4104 681 4189 igitur
705 4106 873 4191 quicquam
898 4105 1075 4192 procedere
1098 4112 1209 4189 posset

302 4207 506 4299 Principium
529 4257 536 4273 .
560 4257 569 4276 .
