<?xml version="1.0" encoding="UTF-8"?>
<!DOCTYPE html PUBLIC "-//W3C//DTD XHTML 1.0 Transitional//EN"
    "http://www.w3.org/TR/xhtml1/DTD/xhtml1-transitional.dtd">
<html xmlns="http://www.w3.org/1999/xhtml" xml:lang="en" lang="en">
 <head>
  <title>
</title>
<meta http-equiv="Content-Type" content="text/html;charset=utf-8" />
  <meta name='ocr-system' content='tesseract 3.04.00' />
  <meta name='ocr-capabilities' content='ocr_page ocr_carea ocr_par ocr_line ocrx_word'/>
</head>
<body>
  <div class='ocr_page' id='page_1' title='image "./deallitteration00schngoog_0032.png"; bbox 0 0 2924 4740; ppageno 0'>
   <div class='ocr_carea' id='block_1_1' title="bbox 618 381 835 446">
    <p class='ocr_par' dir='ltr' id='par_1_1' title="bbox 618 381 835 446">
     <span class='ocr_line' id='line_1_1' title="bbox 618 381 835 446; baseline 0.005 -17"><span class='ocrx_word' id='word_1_1' title='bbox 618 381 835 446; x_wconf 71' lang='lat'><strong>„23-</strong></span> 
     </span>
    </p>
   </div>
   <div class='ocr_carea' id='block_1_2' title="bbox 160 555 1100 747">
    <p class='ocr_par' dir='ltr' id='par_1_2' title="bbox 160 555 1100 747">
     <span class='ocr_line' id='line_1_2' title="bbox 160 555 1100 640; baseline 0.002 -20"><span class='ocrx_word' id='word_1_2' title='bbox 160 561 248 620; x_wconf 89' lang='lat' dir='ltr'><strong>retro</strong></span> <span class='ocrx_word' id='word_1_3' title='bbox 272 574 401 620; x_wconf 90' lang='lat' dir='ltr'><strong>rursum</strong></span> <span class='ocrx_word' id='word_1_4' title='bbox 424 555 521 637; x_wconf 86' lang='lat'>4,308</span> <span class='ocrx_word' id='word_1_5' title='bbox 543 555 619 622; x_wconf 90' lang='lat' dir='ltr'><strong>inde</strong></span> <span class='ocrx_word' id='word_1_6' title='bbox 641 562 732 623; x_wconf 88' lang='lat' dir='ltr'><strong>retro</strong></span> <span class='ocrx_word' id='word_1_7' title='bbox 758 575 889 622; x_wconf 88' lang='lat' dir='ltr'><strong>rursum</strong></span> <span class='ocrx_word' id='word_1_8' title='bbox 915 555 921 640; x_wconf 88' lang='grc' dir='ltr'>Ι</span> <span class='ocrx_word' id='word_1_9' title='bbox 948 555 1036 622; x_wconf 88' lang='lat' dir='ltr'><strong>redit</strong></span> <span class='ocrx_word' id='word_1_10' title='bbox 1060 605 1068 621; x_wconf 91' lang='lat'><strong>.</strong></span> <span class='ocrx_word' id='word_1_11' title='bbox 1092 606 1100 622; x_wconf 89' lang='lat'><strong>.</strong></span> 
     </span>
     <span class='ocr_line' id='line_1_3' title="bbox 160 659 1094 747; baseline 0 -21"><span class='ocrx_word' id='word_1_12' title='bbox 160 680 266 744; x_wconf 78' lang='lat' dir='ltr'><strong>sagax</strong></span> <span class='ocrx_word' id='word_1_13' title='bbox 288 665 434 730; x_wconf 91' lang='lat' dir='ltr'><strong>semotus</strong></span> <span class='ocrx_word' id='word_1_14' title='bbox 458 659 534 743; x_wconf 65' lang='lat' dir='ltr'><strong>aad</strong></span> <span class='ocrx_word' id='word_1_15' title='bbox 558 711 565 725; x_wconf 93' lang='lat'><strong><em>.</em></strong></span> <span class='ocrx_word' id='word_1_16' title='bbox 589 710 597 728; x_wconf 83' lang='lat'><strong>.</strong></span> <span class='ocrx_word' id='word_1_17' title='bbox 622 711 629 726; x_wconf 91' lang='lat'><strong>.</strong></span> <span class='ocrx_word' id='word_1_18' title='bbox 653 681 809 747; x_wconf 75' lang='lat' dir='ltr'>sagacem</span> <span class='ocrx_word' id='word_1_19' title='bbox 832 659 999 728; x_wconf 82' lang='lat' dir='ltr'><strong>Semotum</strong></span> <span class='ocrx_word' id='word_1_20' title='bbox 1022 710 1030 725; x_wconf 93' lang='lat'><strong>.</strong></span> <span class='ocrx_word' id='word_1_21' title='bbox 1055 709 1094 726; x_wconf 91' lang='lat'><strong>..</strong></span> 
     </span>
    </p>
   </div>
   <div class='ocr_carea' id='block_1_3' title="bbox 62 765 1302 854">
    <p class='ocr_par' dir='ltr' id='par_1_3' title="bbox 62 765 1302 854">
     <span class='ocr_line' id='line_1_4' title="bbox 62 765 1302 854; baseline -0.002 -18"><span class='ocrx_word' id='word_1_22' title='bbox 62 841 65 845; x_wconf 57' lang='grc'><em>,</em></span> <span class='ocrx_word' id='word_1_23' title='bbox 159 768 292 854; x_wconf 90' lang='lat' dir='ltr'><strong>sapiens</strong></span> <span class='ocrx_word' id='word_1_24' title='bbox 316 765 457 834; x_wconf 86' lang='lat' dir='ltr'><strong>disertus</strong></span> <span class='ocrx_word' id='word_1_25' title='bbox 482 766 579 850; x_wconf 54' lang='lat'>2988</span> <span class='ocrx_word' id='word_1_26' title='bbox 601 789 665 835; x_wconf 95' lang='lat' dir='ltr'><strong>non</strong></span> <span class='ocrx_word' id='word_1_27' title='bbox 681 789 723 834; x_wconf 86' lang='lat' dir='ltr'><strong>ex</strong></span> <span class='ocrx_word' id='word_1_28' title='bbox 739 768 919 838; x_wconf 78' lang='lat' dir='ltr'><strong>seminibus</strong></span> <span class='ocrx_word' id='word_1_29' title='bbox 946 766 1181 854; x_wconf 72' lang='lat' dir='ltr'><strong>{sapientibus</strong></span> <span class='ocrx_word' id='word_1_30' title='bbox 1205 773 1302 852; x_wconf 89' lang='lat' dir='ltr'><strong>atque</strong></span> 
     </span>
    </p>
   </div>
   <div class='ocr_carea' id='block_1_4' title="bbox 158 869 1304 2012">
    <p class='ocr_par' dir='ltr' id='par_1_4' title="bbox 158 869 1304 2012">
     <span class='ocr_line' id='line_1_5' title="bbox 290 869 422 942; baseline 0 -7"><span class='ocrx_word' id='word_1_31' title='bbox 290 869 422 942; x_wconf 78' lang='lat' dir='ltr'><strong>disertis</strong></span> 
     </span>
     <span class='ocr_line' id='line_1_6' title="bbox 160 976 1302 1064; baseline -0.007 -16"><span class='ocrx_word' id='word_1_32' title='bbox 160 978 327 1047; x_wconf 82' lang='lat' dir='ltr'><strong>seiunctus</strong></span> <span class='ocrx_word' id='word_1_33' title='bbox 343 983 490 1046; x_wconf 78' lang='lat' dir='ltr'><strong>seoretus</strong></span> <span class='ocrx_word' id='word_1_34' title='bbox 509 977 603 1058; x_wconf 79' lang='grc'><strong>1,431</strong></span> <span class='ocrx_word' id='word_1_35' title='bbox 620 997 755 1062; x_wconf 85' lang='lat' dir='ltr'><strong>eorpore</strong></span> <span class='ocrx_word' id='word_1_36' title='bbox 771 979 954 1048; x_wconf 78' lang='lat' dir='ltr'><strong>soinnotum</strong></span> <span class='ocrx_word' id='word_1_37' title='bbox 980 976 984 1064; x_wconf 93' lang='grc' dir='ltr'>Ι</span> <span class='ocrx_word' id='word_1_38' title='bbox 1011 982 1237 1059; x_wconf 78' lang='lat' dir='ltr'><strong>secretumque</strong></span> <span class='ocrx_word' id='word_1_39' title='bbox 1261 1023 1269 1041; x_wconf 83' lang='lat'><strong>.</strong></span> <span class='ocrx_word' id='word_1_40' title='bbox 1294 1024 1302 1040; x_wconf 91' lang='lat'><strong>.</strong></span> 
     </span>
     <span class='ocr_line' id='line_1_7' title="bbox 160 1082 1237 1168; baseline -0.006 -15"><span class='ocrx_word' id='word_1_41' title='bbox 160 1088 305 1153; x_wconf 85' lang='lat' dir='ltr'><strong>semotus</strong></span> <span class='ocrx_word' id='word_1_42' title='bbox 329 1084 496 1152; x_wconf 86' lang='lat' dir='ltr'><strong>seiunotus</strong></span> <span class='ocrx_word' id='word_1_43' title='bbox 521 1082 594 1164; x_wconf 68' lang='lat' dir='ltr'><strong>aad</strong></span> <span class='ocrx_word' id='word_1_44' title='bbox 617 1090 746 1151; x_wconf 87' lang='lat' dir='ltr'><strong>semota</strong></span> <span class='ocrx_word' id='word_1_45' title='bbox 770 1134 777 1149; x_wconf 91' lang='lat'><strong>.</strong></span> <span class='ocrx_word' id='word_1_46' title='bbox 802 1133 810 1149; x_wconf 90' lang='lat'><strong>.</strong></span> <span class='ocrx_word' id='word_1_47' title='bbox 835 1135 842 1149; x_wconf 93' lang='lat'><strong><em>.</em></strong></span> <span class='ocrx_word' id='word_1_48' title='bbox 871 1085 876 1166; x_wconf 83' lang='grc' dir='ltr'>Ι</span> <span class='ocrx_word' id='word_1_49' title='bbox 903 1084 1116 1168; x_wconf 77' lang='lat' dir='ltr'><strong>seiunotaque</strong></span> <span class='ocrx_word' id='word_1_50' title='bbox 1139 1083 1237 1166; x_wconf 81' lang='lat' dir='ltr'><strong>longe</strong></span> 
     </span>
     <span class='ocr_line' id='line_1_8' title="bbox 161 1190 1026 1275; baseline -0.002 -16"><span class='ocrx_word' id='word_1_51' title='bbox 161 1209 223 1259; x_wconf 84' lang='lat' dir='ltr'><strong>sex</strong></span> <span class='ocrx_word' id='word_1_52' title='bbox 244 1194 372 1273; x_wconf 81' lang='lat' dir='ltr'><strong>septem</strong></span> <span class='ocrx_word' id='word_1_53' title='bbox 394 1191 491 1273; x_wconf 76' lang='lat'><strong>4,575</strong></span> <span class='ocrx_word' id='word_1_54' title='bbox 514 1208 576 1259; x_wconf 85' lang='lat' dir='ltr'><strong>sex</strong></span> <span class='ocrx_word' id='word_1_55' title='bbox 599 1190 697 1255; x_wconf 89' lang='lat' dir='ltr'><strong>etiam</strong></span> <span class='ocrx_word' id='word_1_56' title='bbox 719 1196 775 1254; x_wconf 93' lang='lat' dir='ltr'><strong>aut</strong></span> <span class='ocrx_word' id='word_1_57' title='bbox 797 1197 926 1275; x_wconf 79' lang='lat' dir='ltr'><strong>septem</strong></span> <span class='ocrx_word' id='word_1_58' title='bbox 954 1190 959 1274; x_wconf 90' lang='grc' dir='ltr'>Ι</span> <span class='ocrx_word' id='word_1_59' title='bbox 986 1239 994 1255; x_wconf 92' lang='grc'><strong><em>.</em></strong></span> <span class='ocrx_word' id='word_1_60' title='bbox 1018 1240 1026 1257; x_wconf 93' lang='grc'><strong>.</strong></span> 
     </span>
     <span class='ocr_line' id='line_1_9' title="bbox 162 1289 1304 1382; baseline -0.011 -16"><span class='ocrx_word' id='word_1_61' title='bbox 162 1296 272 1366; x_wconf 77' lang='lat' dir='ltr'><strong>subito</strong></span> <span class='ocrx_word' id='word_1_62' title='bbox 289 1314 482 1380; x_wconf 83' lang='lat' dir='ltr'><strong>sursumque</strong></span> <span class='ocrx_word' id='word_1_63' title='bbox 497 1294 593 1376; x_wconf 82' lang='grc'>6,889</span> <span class='ocrx_word' id='word_1_64' title='bbox 618 1345 625 1359; x_wconf 94' lang='grc'><strong>.</strong></span> <span class='ocrx_word' id='word_1_65' title='bbox 649 1344 657 1359; x_wconf 93' lang='grc'><strong>.</strong></span> <span class='ocrx_word' id='word_1_66' title='bbox 681 1343 689 1359; x_wconf 91' lang='grc'><em>.</em></span> <span class='ocrx_word' id='word_1_67' title='bbox 714 1296 825 1364; x_wconf 78' lang='lat' dir='ltr'><strong>subito</strong></span> <span class='ocrx_word' id='word_1_68' title='bbox 847 1297 851 1382; x_wconf 85' lang='grc' dir='ltr'>Ι</span> <span class='ocrx_word' id='word_1_69' title='bbox 870 1314 1065 1378; x_wconf 88' lang='lat' dir='ltr'><strong>sursumque</strong></span> <span class='ocrx_word' id='word_1_70' title='bbox 1081 1315 1121 1360; x_wconf 87' lang='lat' dir='ltr'><strong>ea</strong></span> <span class='ocrx_word' id='word_1_71' title='bbox 1136 1289 1304 1358; x_wconf 86' lang='lat' dir='ltr'><strong>oonoiliari</strong></span> 
     </span>
     <span class='ocr_line' id='line_1_10' title="bbox 161 1396 1304 1486; baseline -0.01 -14"><span class='ocrx_word' id='word_1_72' title='bbox 161 1420 265 1485; x_wconf 85' lang='lat' dir='ltr'><strong>supra</strong></span> <span class='ocrx_word' id='word_1_73' title='bbox 287 1408 466 1486; x_wconf 78' lang='lat' dir='ltr'><strong>supterque</strong></span> <span class='ocrx_word' id='word_1_74' title='bbox 491 1400 608 1483; x_wconf 80' lang='lat'>2,1049</span> <span class='ocrx_word' id='word_1_75' title='bbox 637 1401 642 1484; x_wconf 89' lang='grc' dir='ltr'>Ι</span> <span class='ocrx_word' id='word_1_76' title='bbox 669 1417 774 1482; x_wconf 78' lang='lat' dir='ltr'><strong>supra</strong></span> <span class='ocrx_word' id='word_1_77' title='bbox 790 1410 970 1486; x_wconf 82' lang='lat' dir='ltr'><strong>supterque</strong></span> <span class='ocrx_word' id='word_1_78' title='bbox 993 1421 1051 1486; x_wconf 88' lang='lat' dir='ltr'><strong>per</strong></span> <span class='ocrx_word' id='word_1_79' title='bbox 1067 1419 1160 1465; x_wconf 88' lang='lat' dir='ltr'><strong>omne</strong></span> <span class='ocrx_word' id='word_1_80' title='bbox 1183 1396 1304 1484; x_wconf 86' lang='lat' dir='ltr'><strong>(Supra</strong></span> 
     </span>
     <span class='ocr_line' id='line_1_11' title="bbox 291 1506 797 1594; baseline 0 -19"><span class='ocrx_word' id='word_1_81' title='bbox 291 1515 340 1575; x_wconf 86' lang='lat' dir='ltr'><strong>est</strong></span> <span class='ocrx_word' id='word_1_82' title='bbox 363 1506 547 1574; x_wconf 85' lang='lat' dir='ltr'><strong>emendatio</strong></span> <span class='ocrx_word' id='word_1_83' title='bbox 571 1507 797 1594; x_wconf 82' lang='lat' dir='ltr'><strong>Lachmanni.)</strong></span> 
     </span>
     <span class='ocr_line' id='line_1_12' title="bbox 160 1610 1110 1699; baseline -0.009 -15"><span class='ocrx_word' id='word_1_84' title='bbox 160 1634 290 1684; x_wconf 88' lang='lat' dir='ltr'><strong>sursum</strong></span> <span class='ocrx_word' id='word_1_85' title='bbox 313 1613 452 1699; x_wconf 88' lang='lat' dir='ltr'><strong>supinus</strong></span> <span class='ocrx_word' id='word_1_86' title='bbox 474 1610 571 1694; x_wconf 84' lang='lat'>4‚439</span> <span class='ocrx_word' id='word_1_87' title='bbox 597 1616 604 1697; x_wconf 87' lang='grc' dir='ltr'>Ι</span> <span class='ocrx_word' id='word_1_88' title='bbox 630 1633 825 1698; x_wconf 86' lang='lat' dir='ltr'><strong>sursumque</strong></span> <span class='ocrx_word' id='word_1_89' title='bbox 848 1615 969 1699; x_wconf 89' lang='lat' dir='ltr'><strong>supina</strong></span> <span class='ocrx_word' id='word_1_90' title='bbox 991 1610 1110 1678; x_wconf 87' lang='lat' dir='ltr'><strong>reverti</strong></span> 
     </span>
     <span class='ocr_line' id='line_1_13' title="bbox 158 1716 1217 1804; baseline -0.007 -18"><span class='ocrx_word' id='word_1_91' title='bbox 158 1721 286 1786; x_wconf 83' lang='lat' dir='ltr'><strong>vetulus</strong></span> <span class='ocrx_word' id='word_1_92' title='bbox 310 1718 558 1800; x_wconf 82' lang='lat' dir='ltr'><strong>rietus2,1168</strong></span> <span class='ocrx_word' id='word_1_93' title='bbox 582 1720 712 1785; x_wconf 83' lang='lat' dir='ltr'><strong>vetulae</strong></span> <span class='ocrx_word' id='word_1_94' title='bbox 739 1719 744 1804; x_wconf 91' lang='grc'>1</span> <span class='ocrx_word' id='word_1_95' title='bbox 771 1720 852 1786; x_wconf 85' lang='lat' dir='ltr'><strong>ritis</strong></span> <span class='ocrx_word' id='word_1_96' title='bbox 877 1727 965 1785; x_wconf 87' lang='lat' dir='ltr'><strong>sator</strong></span> <span class='ocrx_word' id='word_1_97' title='bbox 983 1724 1084 1802; x_wconf 88' lang='lat' dir='ltr'><strong>atque</strong></span> <span class='ocrx_word' id='word_1_98' title='bbox 1107 1716 1217 1782; x_wconf 82' lang='lat' dir='ltr'><strong>vietae</strong></span> 
     </span>
     <span class='ocr_line' id='line_1_14' title="bbox 159 1823 950 1908; baseline -0.004 -16"><span class='ocrx_word' id='word_1_99' title='bbox 159 1824 250 1892; x_wconf 79' lang='lat' dir='ltr'><strong>visae</strong></span> <span class='ocrx_word' id='word_1_100' title='bbox 274 1825 424 1892; x_wconf 83' lang='lat' dir='ltr'><strong>volantes</strong></span> <span class='ocrx_word' id='word_1_101' title='bbox 446 1823 565 1905; x_wconf 87' lang='lat'>4,1003</span> <span class='ocrx_word' id='word_1_102' title='bbox 592 1824 596 1908; x_wconf 91' lang='grc' dir='ltr'>Ι</span> <span class='ocrx_word' id='word_1_103' title='bbox 623 1825 779 1908; x_wconf 83' lang='lat' dir='ltr'><strong>visaeque</strong></span> <span class='ocrx_word' id='word_1_104' title='bbox 802 1826 950 1891; x_wconf 84' lang='lat' dir='ltr'><strong>volantes</strong></span> 
     </span>
     <span class='ocr_line' id='line_1_15' title="bbox 159 1927 1192 2012; baseline -0.007 -17"><span class='ocrx_word' id='word_1_105' title='bbox 159 1929 255 1995; x_wconf 87' lang='lat' dir='ltr'><strong>rivus</strong></span> <span class='ocrx_word' id='word_1_106' title='bbox 280 1928 397 1995; x_wconf 88' lang='lat' dir='ltr'><strong>ridens</strong></span> <span class='ocrx_word' id='word_1_107' title='bbox 420 1927 541 2011; x_wconf 80' lang='lat'>3‚1044</span> <span class='ocrx_word' id='word_1_108' title='bbox 564 1928 641 1994; x_wconf 85' lang='lat' dir='ltr'><strong>rivo</strong></span> <span class='ocrx_word' id='word_1_109' title='bbox 665 1935 762 2012; x_wconf 89' lang='lat' dir='ltr'><strong>atque</strong></span> <span class='ocrx_word' id='word_1_110' title='bbox 785 1929 912 1996; x_wconf 84' lang='lat' dir='ltr'><strong>ridenti</strong></span> <span class='ocrx_word' id='word_1_111' title='bbox 933 1928 967 1994; x_wconf 94' lang='lat' dir='ltr'><strong>in</strong></span> <span class='ocrx_word' id='word_1_112' title='bbox 991 1933 1073 1994; x_wconf 83' lang='lat' dir='ltr'><strong>extr.</strong></span> <span class='ocrx_word' id='word_1_113' title='bbox 1096 1942 1192 1990; x_wconf 90' lang='lat' dir='ltr'><strong>versu</strong></span> 
     </span>
    </p>
   </div>
   <div class='ocr_carea' id='block_1_5' title="bbox 624 2139 834 2208">
    <p class='ocr_par' dir='ltr' id='par_1_5' title="bbox 624 2139 834 2208">
     <span class='ocr_line' id='line_1_16' title="bbox 624 2139 834 2208; baseline -0.014 -2"><span class='ocrx_word' id='word_1_114' title='bbox 624 2139 664 2207; x_wconf 79' lang='lat'><strong>0.</strong></span> <span class='ocrx_word' id='word_1_115' title='bbox 690 2140 834 2208; x_wconf 82' lang='lat' dir='ltr'><strong>Verba.</strong></span> 
     </span>
    </p>
   </div>
   <div class='ocr_carea' id='block_1_6' title="bbox 157 2325 1363 4312">
    <p class='ocr_par' dir='ltr' id='par_1_6' title="bbox 162 2325 1187 2416">
     <span class='ocr_line' id='line_1_17' title="bbox 162 2325 1187 2416; baseline -0.007 -20"><span class='ocrx_word' id='word_1_116' title='bbox 162 2329 327 2411; x_wconf 81' lang='lat' dir='ltr'><strong>adfingere</strong></span> <span class='ocrx_word' id='word_1_117' title='bbox 348 2329 470 2398; x_wconf 80' lang='lat' dir='ltr'><strong>addere</strong></span> <span class='ocrx_word' id='word_1_118' title='bbox 493 2329 591 2412; x_wconf 78' lang='grc'>5,164</span> <span class='ocrx_word' id='word_1_119' title='bbox 618 2329 623 2416; x_wconf 80' lang='grc' dir='ltr'>Ι</span> <span class='ocrx_word' id='word_1_120' title='bbox 650 2330 816 2416; x_wconf 82' lang='lat' dir='ltr'><strong>adfingere</strong></span> <span class='ocrx_word' id='word_1_121' title='bbox 840 2341 870 2399; x_wconf 89' lang='lat' dir='ltr'><strong>et</strong></span> <span class='ocrx_word' id='word_1_122' title='bbox 894 2332 1024 2412; x_wconf 88' lang='lat' dir='ltr'><strong>addere,</strong></span> <span class='ocrx_word' id='word_1_123' title='bbox 1048 2325 1187 2406; x_wconf 90' lang='lat' dir='ltr'><strong>Memmi,</strong></span> 
     </span>
    </p>

    <p class='ocr_par' dir='ltr' id='par_1_7' title="bbox 162 2429 1303 2525">
     <span class='ocr_line' id='line_1_18' title="bbox 162 2429 1303 2525; baseline -0.009 -21"><span class='ocrx_word' id='word_1_124' title='bbox 162 2435 251 2504; x_wconf 84' lang='lat' dir='ltr'><strong>adire</strong></span> <span class='ocrx_word' id='word_1_125' title='bbox 273 2433 395 2503; x_wconf 87' lang='lat' dir='ltr'><strong>audere</strong></span> <span class='ocrx_word' id='word_1_126' title='bbox 419 2435 494 2518; x_wconf 81' lang='lat' dir='ltr'><strong>5‚3o</strong></span> <span class='ocrx_word' id='word_1_127' title='bbox 517 2484 524 2498; x_wconf 94' lang='lat'><strong>.</strong></span> <span class='ocrx_word' id='word_1_128' title='bbox 550 2484 557 2499; x_wconf 86' lang='lat'><strong>.</strong></span> <span class='ocrx_word' id='word_1_129' title='bbox 583 2488 590 2502; x_wconf 93' lang='lat'><strong>.</strong></span> <span class='ocrx_word' id='word_1_130' title='bbox 615 2437 683 2505; x_wconf 91' lang='lat' dir='ltr'><strong>adit</strong></span> <span class='ocrx_word' id='word_1_131' title='bbox 711 2438 880 2522; x_wconf 90' lang='lat' dir='ltr'><strong>quisquam</strong></span> <span class='ocrx_word' id='word_1_132' title='bbox 906 2439 912 2525; x_wconf 76' lang='lat' dir='ltr'><strong>l</strong></span> <span class='ocrx_word' id='word_1_133' title='bbox 937 2459 997 2503; x_wconf 91' lang='lat' dir='ltr'><strong>neo</strong></span> <span class='ocrx_word' id='word_1_134' title='bbox 1020 2436 1179 2501; x_wconf 84' lang='lat' dir='ltr'><strong>barbarus</strong></span> <span class='ocrx_word' id='word_1_135' title='bbox 1202 2429 1303 2500; x_wconf 90' lang='lat' dir='ltr'><strong>audet</strong></span> 
     </span>
    </p>

    <p class='ocr_par' dir='ltr' id='par_1_8' title="bbox 159 2536 1301 2729">
     <span class='ocr_line' id='line_1_19' title="bbox 159 2536 1301 2630; baseline -0.01 -18"><span class='ocrx_word' id='word_1_136' title='bbox 159 2540 299 2612; x_wconf 89' lang='lat' dir='ltr'><strong>adiutari</strong></span> <span class='ocrx_word' id='word_1_137' title='bbox 322 2541 365 2610; x_wconf 91' lang='lat' dir='ltr'><strong>ali</strong></span> <span class='ocrx_word' id='word_1_138' title='bbox 399 2541 492 2624; x_wconf 82' lang='lat'>1‚812</span> <span class='ocrx_word' id='word_1_139' title='bbox 520 2540 702 2610; x_wconf 86' lang='lat' dir='ltr'><strong>adiutamur</strong></span> <span class='ocrx_word' id='word_1_140' title='bbox 726 2543 810 2608; x_wconf 93' lang='lat' dir='ltr'><strong>enim</strong></span> <span class='ocrx_word' id='word_1_141' title='bbox 833 2541 930 2608; x_wconf 92' lang='lat' dir='ltr'><strong>dubio</strong></span> <span class='ocrx_word' id='word_1_142' title='bbox 954 2541 1090 2630; x_wconf 76' lang='lat' dir='ltr'><strong>{prooul</strong></span> <span class='ocrx_word' id='word_1_143' title='bbox 1121 2548 1218 2622; x_wconf 90' lang='lat' dir='ltr'><strong>atque</strong></span> <span class='ocrx_word' id='word_1_144' title='bbox 1244 2536 1301 2604; x_wconf 91' lang='lat' dir='ltr'><strong>ali·</strong></span> 
     </span>
     <span class='ocr_line' id='line_1_20' title="bbox 290 2666 452 2729; baseline 0.006 -18"><span class='ocrx_word' id='word_1_145' title='bbox 290 2668 360 2712; x_wconf 89' lang='lat' dir='ltr'><strong>mur</strong></span> <span class='ocrx_word' id='word_1_146' title='bbox 382 2666 452 2729; x_wconf 90' lang='lat' dir='ltr'><strong>nos,</strong></span> 
     </span>
    </p>

    <p class='ocr_par' dir='ltr' id='par_1_9' title="bbox 158 2751 1146 2837">
     <span class='ocr_line' id='line_1_21' title="bbox 158 2751 1146 2837; baseline -0.01 -13"><span class='ocrx_word' id='word_1_147' title='bbox 158 2752 313 2824; x_wconf 88' lang='lat' dir='ltr'><strong>admirari</strong></span> <span class='ocrx_word' id='word_1_148' title='bbox 335 2773 445 2822; x_wconf 85' lang='lat' dir='ltr'><strong>amare</strong></span> <span class='ocrx_word' id='word_1_149' title='bbox 471 2751 561 2835; x_wconf 62' lang='lat' dir='ltr'><strong>soal</strong></span> <span class='ocrx_word' id='word_1_150' title='bbox 592 2751 596 2837; x_wconf 91' lang='grc' dir='ltr'>Ι</span> <span class='ocrx_word' id='word_1_151' title='bbox 623 2752 730 2836; x_wconf 86' lang='lat' dir='ltr'><strong>magis</strong></span> <span class='ocrx_word' id='word_1_152' title='bbox 753 2752 952 2822; x_wconf 88' lang='lat' dir='ltr'><strong>admirantur</strong></span> <span class='ocrx_word' id='word_1_153' title='bbox 974 2757 1146 2834; x_wconf 89' lang='lat' dir='ltr'><strong>amantque</strong></span> 
     </span>
    </p>

    <p class='ocr_par' dir='ltr' id='par_1_10' title="bbox 158 2856 1302 3157">
     <span class='ocr_line' id='line_1_22' title="bbox 158 2856 1301 2944; baseline -0.01 -14"><span class='ocrx_word' id='word_1_154' title='bbox 158 2860 246 2930; x_wconf 86' lang='lat' dir='ltr'><strong>alere</strong></span> <span class='ocrx_word' id='word_1_155' title='bbox 268 2878 391 2944; x_wconf 81' lang='lat' dir='ltr'><strong>augere</strong></span> <span class='ocrx_word' id='word_1_156' title='bbox 416 2856 510 2940; x_wconf 81' lang='lat'><strong>1,229</strong></span> <span class='ocrx_word' id='word_1_157' title='bbox 526 2856 611 2922; x_wconf 89' lang='lat' dir='ltr'><strong>unde</strong></span> <span class='ocrx_word' id='word_1_158' title='bbox 627 2856 686 2921; x_wconf 87' lang='lat' dir='ltr'><strong>alit</strong></span> <span class='ocrx_word' id='word_1_159' title='bbox 702 2865 798 2942; x_wconf 87' lang='lat' dir='ltr'><strong>atque</strong></span> <span class='ocrx_word' id='word_1_160' title='bbox 815 2866 924 2941; x_wconf 81' lang='lat' dir='ltr'><strong>auget,</strong></span> <span class='ocrx_word' id='word_1_161' title='bbox 944 2858 1042 2939; x_wconf 62' lang='lat'><strong>5320</strong></span> <span class='ocrx_word' id='word_1_162' title='bbox 1058 2878 1115 2923; x_wconf 92' lang='lat' dir='ltr'><strong>our</strong></span> <span class='ocrx_word' id='word_1_163' title='bbox 1130 2856 1187 2926; x_wconf 93' lang='lat' dir='ltr'><strong>alit</strong></span> <span class='ocrx_word' id='word_1_164' title='bbox 1205 2859 1301 2937; x_wconf 87' lang='lat' dir='ltr'><strong>atque</strong></span> 
     </span>
     <span class='ocr_line' id='line_1_23' title="bbox 289 2962 1302 3051; baseline -0.011 -17"><span class='ocrx_word' id='word_1_165' title='bbox 289 2971 401 3051; x_wconf 82' lang='lat' dir='ltr'><strong>auget,</strong></span> <span class='ocrx_word' id='word_1_166' title='bbox 434 2963 528 3046; x_wconf 67' lang='lat' dir='ltr'><strong>lato</strong></span> <span class='ocrx_word' id='word_1_167' title='bbox 558 2964 628 3040; x_wconf 85' lang='lat' dir='ltr'><strong>alit,</strong></span> <span class='ocrx_word' id='word_1_168' title='bbox 659 2972 761 3049; x_wconf 86' lang='lat' dir='ltr'><strong>anget</strong></span> <span class='ocrx_word' id='word_1_169' title='bbox 790 2967 823 3031; x_wconf 94' lang='lat' dir='ltr'><strong>in</strong></span> <span class='ocrx_word' id='word_1_170' title='bbox 847 2973 928 3031; x_wconf 84' lang='lat' dir='ltr'><strong>extr.</strong></span> <span class='ocrx_word' id='word_1_171' title='bbox 955 2983 1051 3045; x_wconf 79' lang='lat' dir='ltr'><strong>vera,</strong></span> <span class='ocrx_word' id='word_1_172' title='bbox 1082 2962 1178 3046; x_wconf 65' lang='lat' dir='ltr'><strong>osto</strong></span> <span class='ocrx_word' id='word_1_173' title='bbox 1201 2965 1302 3045; x_wconf 80' lang='lat' dir='ltr'><strong>auget</strong></span> 
     </span>
     <span class='ocr_line' id='line_1_24' title="bbox 291 3071 616 3157; baseline -0.015 -16"><span class='ocrx_word' id='word_1_174' title='bbox 291 3072 411 3157; x_wconf 82' lang='lat' dir='ltr'><strong>alitque</strong></span> <span class='ocrx_word' id='word_1_175' title='bbox 433 3071 455 3135; x_wconf 92' lang='lat' dir='ltr'><strong>i.</strong></span> <span class='ocrx_word' id='word_1_176' title='bbox 478 3075 560 3136; x_wconf 84' lang='lat' dir='ltr'><strong>extr.</strong></span> <span class='ocrx_word' id='word_1_177' title='bbox 584 3091 616 3136; x_wconf 89' lang='lat' dir='ltr'><strong>v.</strong></span> 
     </span>
    </p>

    <p class='ocr_par' dir='ltr' id='par_1_11' title="bbox 162 3176 995 3261">
     <span class='ocr_line' id='line_1_25' title="bbox 162 3176 995 3261; baseline -0.006 -17"><span class='ocrx_word' id='word_1_178' title='bbox 162 3182 296 3244; x_wconf 84' lang='lat' dir='ltr'><strong>auotaro</strong></span> <span class='ocrx_word' id='word_1_179' title='bbox 318 3177 406 3243; x_wconf 85' lang='lat' dir='ltr'><strong>alere</strong></span> <span class='ocrx_word' id='word_1_180' title='bbox 430 3176 503 3259; x_wconf 84' lang='grc'>1,56</span> <span class='ocrx_word' id='word_1_181' title='bbox 526 3183 637 3245; x_wconf 82' lang='lat' dir='ltr'><strong>auctet</strong></span> <span class='ocrx_word' id='word_1_182' title='bbox 660 3179 789 3261; x_wconf 90' lang='lat' dir='ltr'><strong>alatque</strong></span> <span class='ocrx_word' id='word_1_183' title='bbox 812 3176 834 3240; x_wconf 93' lang='lat' dir='ltr'><strong>i.</strong></span> <span class='ocrx_word' id='word_1_184' title='bbox 858 3181 940 3241; x_wconf 83' lang='lat' dir='ltr'><strong>extr.</strong></span> <span class='ocrx_word' id='word_1_185' title='bbox 964 3195 995 3240; x_wconf 88' lang='lat' dir='ltr'><strong>v.</strong></span> 
     </span>
    </p>

    <p class='ocr_par' dir='ltr' id='par_1_12' title="bbox 160 3276 1300 3453">
     <span class='ocr_line' id='line_1_26' title="bbox 160 3276 1300 3366; baseline -0.004 -20"><span class='ocrx_word' id='word_1_186' title='bbox 160 3281 386 3366; x_wconf 87' lang='lat' dir='ltr'><strong>peroalosoere</strong></span> <span class='ocrx_word' id='word_1_187' title='bbox 397 3281 583 3348; x_wconf 75' lang='lat' dir='ltr'><strong>calefacere</strong></span> <span class='ocrx_word' id='word_1_188' title='bbox 595 3281 692 3364; x_wconf 81' lang='grc'>6,686</span> <span class='ocrx_word' id='word_1_189' title='bbox 704 3282 757 3346; x_wconf 89' lang='lat' dir='ltr'><strong>hio</strong></span> <span class='ocrx_word' id='word_1_190' title='bbox 769 3281 824 3346; x_wconf 91' lang='lat' dir='ltr'><strong>ubi</strong></span> <span class='ocrx_word' id='word_1_191' title='bbox 836 3279 998 3364; x_wconf 87' lang='lat' dir='ltr'><strong>peroaluit</strong></span> <span class='ocrx_word' id='word_1_192' title='bbox 1015 3276 1230 3360; x_wconf 87' lang='lat' dir='ltr'><strong>oaleteoitque</strong></span> <span class='ocrx_word' id='word_1_193' title='bbox 1248 3327 1254 3340; x_wconf 85' lang='lat'><strong>.</strong></span> <span class='ocrx_word' id='word_1_194' title='bbox 1270 3325 1300 3341; x_wconf 87' lang='lat'><strong>..</strong></span> 
     </span>
     <span class='ocr_line' id='line_1_27' title="bbox 290 3385 725 3453; baseline 0 0"><span class='ocrx_word' id='word_1_195' title='bbox 290 3385 410 3453; x_wconf 83' lang='lat' dir='ltr'><strong>eironm</strong></span> <span class='ocrx_word' id='word_1_196' title='bbox 717 3442 725 3453; x_wconf 88' lang='lat'><strong>..</strong></span> 
     </span>
    </p>

    <p class='ocr_par' dir='ltr' id='par_1_13' title="bbox 157 3487 1363 3679">
     <span class='ocr_line' id='line_1_28' title="bbox 157 3487 1363 3576; baseline -0.006 -18"><span class='ocrx_word' id='word_1_197' title='bbox 157 3493 265 3558; x_wconf 81' lang='lat' dir='ltr'><strong>celare</strong></span> <span class='ocrx_word' id='word_1_198' title='bbox 296 3491 447 3558; x_wconf 86' lang='lat' dir='ltr'><strong>oobibere</strong></span> <span class='ocrx_word' id='word_1_199' title='bbox 482 3492 578 3574; x_wconf 55' lang='lat'>‘4679</span> <span class='ocrx_word' id='word_1_200' title='bbox 608 3509 745 3576; x_wconf 80' lang='lat' dir='ltr'><strong>corpore</strong></span> <span class='ocrx_word' id='word_1_201' title='bbox 776 3492 884 3557; x_wconf 80' lang='lat' dir='ltr'><strong>celare</strong></span> <span class='ocrx_word' id='word_1_202' title='bbox 915 3497 946 3557; x_wconf 89' lang='lat' dir='ltr'><strong>et</strong></span> <span class='ocrx_word' id='word_1_203' title='bbox 973 3491 979 3574; x_wconf 93' lang='grc' dir='ltr'>Ι</span> <span class='ocrx_word' id='word_1_204' title='bbox 1007 3488 1116 3555; x_wconf 87' lang='lat' dir='ltr'><strong>varias</strong></span> <span class='ocrx_word' id='word_1_205' title='bbox 1147 3487 1300 3555; x_wconf 80' lang='lat' dir='ltr'><strong>cohibere</strong></span> <span class='ocrx_word' id='word_1_206' title='bbox 1354 3564 1363 3572; x_wconf 95' lang='lat'><em>.</em></span> 
     </span>
     <span class='ocr_line' id='line_1_29' title="bbox 286 3594 409 3679; baseline 0 -20"><span class='ocrx_word' id='word_1_207' title='bbox 286 3594 409 3679; x_wconf 86' lang='lat' dir='ltr'><strong>figuras</strong></span> 
     </span>
    </p>

    <p class='ocr_par' dir='ltr' id='par_1_14' title="bbox 157 3699 1300 3781">
     <span class='ocr_line' id='line_1_30' title="bbox 157 3699 1300 3781; baseline -0.002 -17"><span class='ocrx_word' id='word_1_208' title='bbox 157 3701 246 3765; x_wconf 83' lang='lat' dir='ltr'><strong>ciere</strong></span> <span class='ocrx_word' id='word_1_209' title='bbox 269 3699 438 3765; x_wconf 88' lang='lat' dir='ltr'><strong>oonoitare</strong></span> <span class='ocrx_word' id='word_1_210' title='bbox 460 3700 554 3781; x_wconf 81' lang='lat'><strong>3,291</strong></span> <span class='ocrx_word' id='word_1_211' title='bbox 574 3702 640 3767; x_wconf 90' lang='lat' dir='ltr'><strong>oiet</strong></span> <span class='ocrx_word' id='word_1_212' title='bbox 656 3707 811 3766; x_wconf 91' lang='lat' dir='ltr'><strong>terrorem</strong></span> <span class='ocrx_word' id='word_1_213' title='bbox 828 3701 980 3766; x_wconf 89' lang='lat' dir='ltr'><strong>membris</strong></span> <span class='ocrx_word' id='word_1_214' title='bbox 1000 3705 1032 3764; x_wconf 89' lang='lat' dir='ltr'><strong>et</strong></span> <span class='ocrx_word' id='word_1_215' title='bbox 1050 3700 1194 3767; x_wconf 86' lang='lat' dir='ltr'><strong>oonoitat</strong></span> <span class='ocrx_word' id='word_1_216' title='bbox 1210 3704 1300 3763; x_wconf 90' lang='lat' dir='ltr'><strong>artus</strong></span> 
     </span>
    </p>

    <p class='ocr_par' dir='ltr' id='par_1_15' title="bbox 158 3802 1243 3890">
     <span class='ocr_line' id='line_1_31' title="bbox 158 3802 1243 3890; baseline -0.001 -22"><span class='ocrx_word' id='word_1_217' title='bbox 158 3821 355 3887; x_wconf 77' lang='lat' dir='ltr'><strong>cognoscere</strong></span> <span class='ocrx_word' id='word_1_218' title='bbox 379 3804 499 3870; x_wconf 81' lang='lat' dir='ltr'><strong>alarius</strong></span> <span class='ocrx_word' id='word_1_219' title='bbox 524 3805 636 3870; x_wconf 87' lang='lat' dir='ltr'><strong>audire</strong></span> <span class='ocrx_word' id='word_1_220' title='bbox 663 3805 757 3878; x_wconf 79' lang='lat'>1‚921</span> <span class='ocrx_word' id='word_1_221' title='bbox 783 3824 945 3890; x_wconf 79' lang='lat' dir='ltr'><strong>cognosce</strong></span> <span class='ocrx_word' id='word_1_222' title='bbox 970 3814 1001 3871; x_wconf 93' lang='lat' dir='ltr'><strong>et</strong></span> <span class='ocrx_word' id='word_1_223' title='bbox 1024 3805 1144 3871; x_wconf 84' lang='lat' dir='ltr'><strong>elarius</strong></span> <span class='ocrx_word' id='word_1_224' title='bbox 1167 3802 1243 3868; x_wconf 89' lang='lat' dir='ltr'><strong>audi</strong></span> 
     </span>
    </p>

    <p class='ocr_par' dir='ltr' id='par_1_16' title="bbox 159 3907 1145 3994">
     <span class='ocr_line' id='line_1_32' title="bbox 159 3907 1145 3994; baseline 0.002 -22"><span class='ocrx_word' id='word_1_225' title='bbox 159 3907 247 3973; x_wconf 86' lang='lat' dir='ltr'><strong>ooire</strong></span> <span class='ocrx_word' id='word_1_226' title='bbox 269 3925 483 3975; x_wconf 87' lang='lat' dir='ltr'><strong>oonoresoere</strong></span> <span class='ocrx_word' id='word_1_227' title='bbox 506 3909 602 3990; x_wconf 68' lang='lat' dir='ltr'><strong>sats</strong></span> <span class='ocrx_word' id='word_1_228' title='bbox 626 3910 756 3992; x_wconf 88' lang='lat' dir='ltr'><strong>ooitque</strong></span> <span class='ocrx_word' id='word_1_229' title='bbox 780 3911 821 3974; x_wconf 83' lang='lat' dir='ltr'><strong>Et</strong></span> <span class='ocrx_word' id='word_1_230' title='bbox 845 3910 938 3994; x_wconf 88' lang='lat' dir='ltr'><strong>quasi</strong></span> <span class='ocrx_word' id='word_1_231' title='bbox 961 3909 1145 3978; x_wconf 88' lang='lat' dir='ltr'><strong>oonoresoit</strong></span> 
     </span>
    </p>

    <p class='ocr_par' dir='ltr' id='par_1_17' title="bbox 158 4011 1299 4184">
     <span class='ocr_line' id='line_1_33' title="bbox 158 4011 1299 4098; baseline 0.001 -22"><span class='ocrx_word' id='word_1_232' title='bbox 158 4011 248 4077; x_wconf 86' lang='lat' dir='ltr'><strong>ooire</strong></span> <span class='ocrx_word' id='word_1_233' title='bbox 271 4012 431 4078; x_wconf 87' lang='lat' dir='ltr'><strong>eontioere</strong></span> <span class='ocrx_word' id='word_1_234' title='bbox 465 4013 561 4094; x_wconf 65' lang='lat' dir='ltr'><strong>asoa</strong></span> <span class='ocrx_word' id='word_1_235' title='bbox 591 4013 666 4079; x_wconf 93' lang='lat' dir='ltr'><strong>inde</strong></span> <span class='ocrx_word' id='word_1_236' title='bbox 683 4014 772 4080; x_wconf 87' lang='lat' dir='ltr'><strong>eoire</strong></span> <span class='ocrx_word' id='word_1_237' title='bbox 796 4016 926 4098; x_wconf 83' lang='lat' dir='ltr'><strong>globum</strong></span> <span class='ocrx_word' id='word_1_238' title='bbox 944 4016 1037 4098; x_wconf 87' lang='lat' dir='ltr'><strong>quasi</strong></span> <span class='ocrx_word' id='word_1_239' title='bbox 1052 4016 1086 4081; x_wconf 94' lang='lat' dir='ltr'><strong>in</strong></span> <span class='ocrx_word' id='word_1_240' title='bbox 1101 4033 1199 4078; x_wconf 90' lang='lat' dir='ltr'><strong>unum</strong></span> <span class='ocrx_word' id='word_1_241' title='bbox 1222 4027 1299 4077; x_wconf 90' lang='lat' dir='ltr'><strong>oon·</strong></span> 
     </span>
     <span class='ocr_line' id='line_1_34' title="bbox 286 4117 516 4184; baseline -0.004 -1"><span class='ocrx_word' id='word_1_242' title='bbox 286 4117 383 4183; x_wconf 85' lang='lat' dir='ltr'><strong>licere</strong></span> <span class='ocrx_word' id='word_1_243' title='bbox 406 4119 516 4184; x_wconf 90' lang='lat' dir='ltr'><strong>orbem</strong></span> 
     </span>
    </p>

    <p class='ocr_par' dir='ltr' id='par_1_18' title="bbox 157 4221 1036 4312">
     <span class='ocr_line' id='line_1_35' title="bbox 157 4221 1036 4312; baseline 0.001 -22"><span class='ocrx_word' id='word_1_244' title='bbox 157 4222 337 4290; x_wconf 82' lang='lat' dir='ltr'><strong>dommoliri</strong></span> <span class='ocrx_word' id='word_1_245' title='bbox 359 4221 445 4291; x_wconf 90' lang='lat' dir='ltr'><strong>oiere</strong></span> <span class='ocrx_word' id='word_1_246' title='bbox 468 4222 565 4305; x_wconf 82' lang='lat' dir='ltr'><strong>o,242</strong></span> <span class='ocrx_word' id='word_1_247' title='bbox 592 4222 597 4311; x_wconf 91' lang='grc' dir='ltr'>Ι</span> <span class='ocrx_word' id='word_1_248' title='bbox 626 4225 805 4291; x_wconf 79' lang='lat' dir='ltr'><strong>commoliri</strong></span> <span class='ocrx_word' id='word_1_249' title='bbox 829 4231 925 4312; x_wconf 89' lang='lat' dir='ltr'><strong>atque</strong></span> <span class='ocrx_word' id='word_1_250' title='bbox 949 4225 1036 4292; x_wconf 84' lang='lat' dir='ltr'><strong>olere</strong></span> 
     </span>
    </p>
   </div>
   <div class='ocr_carea' id='block_1_7' title="bbox 0 0 1466 4740">
    <p class='ocr_par' dir='ltr' id='par_1_19' title="bbox 0 0 1466 4740">
     <span class='ocr_line' id='line_1_36' title="bbox 0 0 1466 4740; baseline 0 0"><span class='ocrx_word' id='word_1_251' title='bbox 0 0 1466 4740; x_wconf 95' lang='lat' dir='ltr'><strong> </strong></span> 
     </span>
    </p>
   </div>
  </div>
 </body>
</html>
