2924 4740
636 374 826 437 ..7-

213 629 215 633 ,
294 549 323 612 1.
346 546 544 613 Allittcratio
567 547 734 631 coniungit
766 546 911 632 singulos
937 565 1051 611 versus
1073 545 1135 627 ita,
1164 550 1198 608 ut
1222 562 1303 609 unus

346 671 460 717 versus
482 651 650 718 vocabulis
673 650 813 734 finiatur,
838 671 920 735 qnae
944 647 1141 733 comprimo
1164 649 1216 714 vel
1239 646 1303 732 pri·

346 755 406 821 mis
415 756 584 822 vocabulis
593 756 727 821 alterius
740 776 853 821 versus
867 753 1130 820 allittorationem
1143 752 1303 831 efficiunt3

290 862 320 924 2.
344 859 486 924 Primum
511 867 542 926 et
564 859 709 925 ultimum
738 879 853 926 versus
877 858 1068 924 vocabulum
1093 853 1234 922 ostendit
1257 855 1303 921 al-

344 963 594 1046 litterationem,
633 962 666 1028 id
700 963 785 1048 quod
818 963 961 1047 Kaipala
997 961 1203 1046 „Sperrung“
1236 959 1258 1024 1.
1281 958 1302 1024 l.

343 1089 419 1153 pag.
443 1068 506 1134 275
529 1069 715 1153 appellavit.

138 1312 284 1392 ‘Quibus
306 1309 495 1395 praemissis
526 1309 568 1375 ad
591 1309 739 1395 singulas
769 1314 881 1393 partes
912 1307 1122 1393 exponendas
1145 1307 1302 1374 transibo.

710 1519 744 1599 1.

288 1694 362 1757 Non
386 1699 436 1757 cst
458 1691 595 1775 exiguus
612 1712 763 1759 uumerus
783 1690 870 1776 apud
894 1689 1079 1756 Lucretium
1105 1710 1214 1756 eorum
1230 1711 1301 1756 vcr-

160 1820 262 1881 suum,
278 1797 311 1861 iu
328 1797 444 1881 quibus
458 1796 520 1878 duo
533 1797 585 1862 vel
597 1799 764 1881 complura
778 1797 950 1862 verborum
964 1795 1059 1879 paria
1072 1793 1302 1861 allittcratione

159 1904 332 1969 coniuncta
355 1907 439 1967 sunt.
797 1988 799 1993 ,

292 2005 552 2087 Coniunctiones,
589 2024 672 2089 quae
710 2005 795 2070 hunc
833 2004 866 2070 in
903 2004 1032 2071 mudum
1065 2004 1135 2070 fieri
1157 2009 1303 2088 possunt,

159 2116 233 2176 sunt
256 2110 335 2175 hae:

292 2215 322 2278 1.
346 2213 410 2279 duo
432 2214 534 2279 verba
550 2237 610 2298 par
625 2216 799 2283 formantia
819 2215 963 2299 sequitur
979 2216 1115 2280 aiterum
1132 2212 1302 2278 verborum

343 2336 412 2400 par,
436 2318 521 2400 quod
544 2319 642 2385 efficit
664 2321 800 2386 formam
825 2343 845 2386 a
868 2342 888 2386 a
910 2321 931 2385 b
954 2321 993 2400 b3

290 2422 320 2485 2.
344 2427 400 2485 aut
422 2421 550 2506 singula
573 2423 691 2506 prioris
713 2425 803 2509 paris
837 2425 938 2490 verbu
969 2428 1145 2506 sequuntur
1173 2420 1304 2504 singula

345 2526 446 2591 verba
462 2527 596 2592 alterius
613 2529 713 2612 paris,
738 2529 823 2612 quod
840 2528 1051 2593 adumbratur
1066 2526 1170 2593 forma
1186 2526 1227 2590 ab
1244 2525 1302 2604 ab3

288 2631 318 2695 3.
343 2637 399 2695 aut
414 2629 663 2698 allitterationcs
680 2631 985 2714 circumscribuntur
1001 2631 1145 2698 chiasmo
1162 2628 1300 2714 quodam

343 2734 524 2800 litterarum
547 2735 580 2800 in
604 2735 707 2802 forma
732 2736 783 2801 ab
798 2737 817 2800 b
831 2758 860 2801 a.

288 2925 598 2991 Ad1.aabb.

159 3085 293 3148 quorum
318 3064 408 3130 abitu
432 3070 488 3128 aut
511 3061 603 3129 aditu
626 3067 824 3149 mutatoque
848 3064 960 3131 ordino
983 3068 1119 3135 mutant
1143 3067 1236 3148 leur

160 3218 167 3233 .
192 3218 200 3234 .
226 3189 283 3234 aes
307 3189 423 3235 aurum
446 3168 479 3233 iu
502 3186 664 3235 summum
686 3169 848 3235 successit
870 3170 1025 3236 honorem
1048 3171 1166 3253 5,1273

158 3271 232 3336 hinc
255 3273 331 3338 licet
355 3271 508 3338 advertas
532 3272 674 3338 animum
697 3280 733 3338 ut
756 3292 951 3356 pernoscere
974 3275 1084 3359 possis
1106 3277 1201 3359 3‚181

160 3377 217 3444 alit
241 3384 337 3459 atque
360 3384 463 3461 auget
484 3376 663 3460 generatim
687 3379 810 3460 pabula
832 3380 994 3461 praebens
1020 3379 1112 3462 1329

159 3480 243 3545 unde
267 3482 385 3546 anima
408 3489 504 3564 atquo
527 3483 635 3548 animi
659 3491 786 3550 constet
809 3477 928 3550 natura
949 3489 1152 3548 necessumst
1175 3483 1273 3567 4,119

159 3585 273 3669 arripit
294 3605 370 3650 acer
392 3586 497 3671 Saepe
521 3588 613 3655 dolor
636 3589 750 3654 dentes
774 3589 871 3671 6‚658
896 3607 962 3670 seq.

160 3691 396 3773 astrologorum
419 3697 520 3757 artem
544 3700 662 3758 contra
684 3694 880 3760 convincere
903 3691 1017 3773 tendit,
1041 3692 1138 3776 atae

161 3793 294 3858 auribus
318 3796 467 3880 accipere
491 3805 522 3862 ct
544 3816 732 3863 consessum
756 3817 890 3864 cernere
911 3800 1010 3882 4,979

161 3904 194 3961 ut
217 3898 333 3964 calidis
357 3899 501 3967 candens
525 3902 649 3970 ferrum
674 3925 691 3970 e
713 3905 904 3971 fornacibus
927 3905 1024 3986 urna

161 4021 309 4066 auroram
332 4005 422 4070 clara
444 4013 632 4071 consuetum
656 4026 737 4075 voce
760 4027 880 4076 vocare
903 4009 1001 4093 4,709

161 4107 280 4172 clara.
306 4157 313 4173 .
337 4129 530 4193 percurrere
554 4161 562 4178 .
587 4161 594 4178 .
618 4130 719 4178 cursu
742 4113 904 4198 Perpetuo
927 4114 1055 4197 possint
1080 4112 1194 4195 1,1003

161 4213 377 4298 conclusoque
400 4215 472 4281 loco
495 4215 620 4282 caelum
642 4236 735 4283 marc
758 4216 891 4285 flumina
913 4219 1035 4287 montis
1058 4216 1154 4302 4,456
