2924 4740
645 355 860 422 ..11-

189 542 222 600 et
243 533 355 602 variae
378 534 539 613 volucres,
562 529 723 596 iaetantia
746 550 830 614 quac
852 531 928 596 loca
950 580 959 597 .
983 580 992 597 .
1016 534 1115 608 ueta

188 648 221 705 ct
244 638 353 704 Venus
378 688 386 703 .
412 687 420 702 .
443 636 522 710 vitis
545 635 702 720 puerique
724 636 1036 720 parentum5,1015

188 793 196 809 .
221 792 229 808 .
254 744 288 810 ui
310 741 461 809 convinci
484 760 583 824 posse
607 740 921 823 putabant5,1176‘

189 848 239 914 eui
262 845 400 913 Veneris
423 843 576 911 membris
598 844 649 911 vis
672 845 822 911 omnibus
846 846 1013 914 exoriatur
1034 848 1151 930 4,1164

188 951 404 1035 extorquebat
427 945 512 1022 enitn
534 947 635 1015 uitam
659 949 709 1017 vis
731 948 885 1015 morbida
906 951 1062 1017 membris
1086 952 1206 1034 aaut?

189 1055 309 1137 vinxit,
333 1060 367 1119 ut
390 1053 423 1118 in
446 1052 568 1136 uinclis
591 1053 813 1122 communibus
837 1053 1062 1124 excrucientur
1084 1045 1203 1140 4‚1194

189 1178 287 1226 voces
311 1158 475 1241 verbaque
499 1164 650 1226 constent
667 1156 848 1250 corporeis
872 1207 880 1224 .
904 1159 1031 1239 ,4,531
1161 1147 1163 1157 ’

190 1264 367 1352 voluptatis
390 1263 465 1329 dum
488 1263 521 1330 'vi
542 1262 710 1332 labefacta
732 1261 917 1347 liquescunt
937 1265 1056 1347 4,1106

339 1471 418 1539 Tria
439 1472 491 1539 vel
514 1472 681 1559 complura
702 1470 796 1557 paria
817 1470 913 1538 huius
937 1472 1174 1541 coniunctionis

598 1596 640 1641 aa
684 1576 727 1641 bb
772 1597 809 1642 cc
855 1583 915 1642 cet.

187 1752 259 1818 Alis
281 1752 445 1818 Auroram
469 1754 560 1841 clara
584 1758 773 1821 consuetum
795 1759 879 1820 voce
901 1770 1021 1822 vocare
1044 1752 1139 1833 duos

187 1869 288 1945 auget
310 1859 432 1944 alitque
454 1848 607 1926 lierninui
631 1858 730 1924 debet
753 1859 897 1951 recreari
921 1881 993 1926 curn
1011 1858 1131 1945 recipit
1154 1876 1210 1926 res
1232 1855 1332 1943 5,322

189 1985 283 2048 quern
307 1984 411 2048 neque
434 1950 517 2029 iana
539 1961 634 2029 deum
656 1984 716 2028 nec
739 1956 878 2031 iuimiua
899 1984 960 2029 nec
981 1963 1149 2039 minitanti
1168 1964 1331 2032 Murmure

317 2068 509 2153 compressit
532 2054 657 2155 caelum
681 2069 754 2152 i,68

190 2191 338 2275 effugere
361 2176 518 2257 iniestdm
541 2237 549 2253 .
575 2238 582 2254 .
606 2190 678 2283 tute
700 2190 763 2257 tibi
785 2191 907 2277 obvius
926 2192 1041 2258 obstes
1064 2189 1183 2268 4‚1r42
1394 2274 1396 2287 Ι

189 2295 239 2359 illi
262 2292 473 2379 inprudentes
496 2294 561 2378 ipsi
592 2292 655 2363 sibi
685 2280 786 2381 saepo
815 2280 977 2362 venenum
999 2294 1328 2380 Vorgebant5,1007

186 2398 320 2483 ignibus
343 2399 484 2479 instant,
507 2397 638 2463 instant
660 2418 721 2464 nec
743 2401 819 2466 ioca
840 2390 899 2466 lux
922 2403 1006 2468 inter
1037 2403 1130 2486 quasi
1153 2408 1253 2486 rupta
1276 2421 1328 2468 re-

320 2501 436 2586 linquit
456 2500 553 2584 auca

187 2634 222 2695 ut
246 2644 339 2695 marc
362 2643 435 2689 cum
457 2623 572 2707 magni
595 2634 801 2693 commorunt
829 2647 973 2712 aequora
993 2627 1101 2713 ronti,
1129 2627 1275 2696 Vertitur
1296 2628 1329 2694 in

319 2749 420 2800 canos
443 2729 598 2817 candenti
621 2779 628 2795 .
653 2779 661 2797 .
685 2778 693 2796 .
717 2731 837 2813 2766·

185 2855 335 2920 membra
357 2858 530 2920 moventes
553 2830 699 2920 liariter
715 2859 750 2920 et
770 2854 857 2922 duro
883 2861 1004 2921 terram
1033 2853 1118 2939 pede
1140 2857 1264 2941 pollere
1287 2905 1295 2922 .
1320 2905 1328 2922 .

315 2957 434 3038 5,]399

187 3081 246 3146 sub
270 3099 438 3148 murmure
466 3078 577 3164 mugit
600 3075 632 3146 et
658 3081 777 3147 reboat
806 3098 941 3148 raucum
972 3081 1067 3166 regio
1089 3129 1099 3147 .
1123 3129 1131 3147 .
1155 3131 1162 3147 .
1186 3082 1329 3148 barbara

315 3184 468 3250 bombum
490 3184 588 3268 4,543

185 3327 267 3393 puer
288 3314 324 3373 ut
346 3307 453 3374 saevis
475 3307 640 3392 proiectus
664 3307 706 3373 ab
729 3307 825 3375 undis
840 3307 969 3392 Navita,
992 3308 1100 3375 nudus
1122 3308 1210 3375 humi
1232 3309 1328 3393 iacet,

314 3411 438 3494 infans,
460 3412 596 3497 indigus
620 3461 628 3477 .
651 3460 659 3478 .
683 3411 783 3491 5‚222

185 3538 246 3604 sub
281 3539 383 3623 tergo
416 3536 524 3605 terrai
558 3535 692 3603 flumina
723 3537 833 3621 tecta,
863 3535 1002 3603 Volverc
1034 3537 1068 3604 vi
1097 3535 1214 3604 fluctus
1243 3554 1328 3604 sum-

313 3660 483 3727 mersaque
506 3659 591 3710 saxa
613 3640 719 3725 6,540.

313 3781 373 3848 His
390 3780 547 3866 exemplis
563 3780 646 3847 alios
664 3780 841 3865 adiungam
853 3781 953 3865 iocos,
976 3781 1008 3848 iu
1026 3781 1227 3866 quibuscum
1243 3782 1327 3849 ailit-

185 3884 343 3953 teretione
355 3884 454 3952 etiam
462 3905 502 3951 ea
510 3885 750 3970 figuraapoeta
758 3883 940 3968 adhibetur,
953 3906 1036 3971 quae
1051 3874 1323 3972 „dropoaoaor'iu‘

187 3997 320 4056 vocatur
350 3999 382 4056 et
411 3984 545 4076 paribus
573 3988 753 4056 litterarum
784 3989 1001 4076 sibilantium,
1031 4012 1220 4078 asperarum
1249 3992 1327 4058 mol·

187 4092 328 4177 liumquc
350 4114 448 4180 saepe
473 4101 506 4183 et
528 4093 740 4160 animantium
763 4115 861 4162 voces
883 4103 917 4164 et
939 4096 1076 4162 aliarum
1098 4116 1206 4163 rerum
1229 4116 1326 4162 sonos

184 4197 345 4288 exprimit.
390 4200 487 4267 Tales
510 4200 600 4267 locos
623 4194 759 4267 addam:
