2924 4740
624 336 839 402 ..10-

162 515 318 600 poenibat
341 511 444 596 paule
462 516 538 594 post
560 509 646 593 turpi
668 516 776 575 morte
798 511 953 594 malaque
975 511 1093 594 aluus

163 620 218 704 qui
239 618 329 702 potis
351 622 402 682 est
423 611 556 699 dignum
578 614 716 697 pollenti
738 620 871 698 pectore
894 633 1024 681 carmen
1048 615 1194 682 Condere
1218 617 1268 699 5‚1

161 730 334 808 praeterea
355 739 515 806 persaepe
537 719 636 802 niger
661 738 787 803 quoque
810 738 868 803 per
890 738 981 784 mare
1004 720 1135 785 nimbus
1159 721 1255 805 6356

161 827 362 912 praeterlata
382 823 468 908 perit
490 823 615 890 frustra
638 821 795 890 diffusa.
819 873 826 889 .
852 873 859 888 .
883 823 980 906 4,567

161 951 269 1016 prava
291 929 445 997 cubantia
466 947 573 1011 prona
595 926 713 1012 supina
735 934 834 1012 atque
855 929 982 995 absona
1004 930 1209 1013 tecta4,515

161 1044 297 1104 naturae
318 1034 441 1119 primus
463 1038 629 1118 portarum
652 1033 796 1100 claustra
818 1032 944 1118 cupiret
969 1033 1039 1115 1,71

161 1141 246 1208 unde
268 1139 420 1224 progigni
442 1137 548 1222 possit
571 1144 729 1223 concepta
751 1138 855 1206 creari
878 1135 974 1219 2545

160 1245 253 1332 pueri
278 1295 285 1310 .
309 1293 317 1309 .
340 1241 491 1327 pavitant
513 1242 710 1327 finguntque
734 1242 846 1308 futura
867 1241 960 1323 3,90;
984 1242 1058 1324 6,38

160 1371 304 1437 purpura
325 1346 564 1432 poeniceusque
588 1350 676 1416 color
698 1345 888 1415 clarissimu'
911 1346 1011 1412 multo
1035 1346 1133 1426 2830

161 1452 432 1541 quodquoniam
455 1456 565 1517 nostro
589 1469 721 1535 quoque
745 1456 876 1520 constat
898 1467 1037 1535 corpore
1058 1459 1181 1519 certum
1205 1451 1301 1534 5,t38

160 1583 220 1627 nec
243 1557 329 1626 ratio
352 1551 476 1622 remedi
499 1557 677 1622 communis
700 1563 791 1626 certa
814 1605 821 1620 .
845 1603 854 1621 .
878 1555 996 1634 6‚1223

160 1672 255 1733 rocta
277 1660 414 1746 regione
438 1658 555 1742 uiaque
578 1659 726 1727 Vomeris
751 1711 758 1726 .
782 1709 790 1725 .
813 1659 933 1742 4,1264

159 1771 295 1838 inritata
329 1770 465 1850 repente
498 1762 646 1830 Flamma
677 1765 774 1832 foras
808 1763 913 1829 vastis
946 1763 1070 1828 Aetnae
1105 1763 1300 1830 fornacibus

289 1871 384 1938 efflet
405 1866 588 1950 Expediam
611 1869 749 1952 primum
772 1868 870 1952 6‚680
893 1887 982 1950 seqq.

159 1977 265 2044 rivum
287 1976 345 2041 sub
369 1971 471 2039 ramis
493 1972 619 2041 arboris
644 1975 731 2040 altae
754 1974 830 2057 230

159 2087 193 2147 at
214 2079 332 2148 sedare
354 2078 443 2146 sitim
465 2077 560 2143 fluvii
583 2077 757 2161 fontesque
780 2075 942 2143 vocabant
966 2074 1063 2157 aaut

159 2193 192 2252 et
214 2185 311 2253 simul
334 2184 367 2248 in
389 2183 521 2265 somnis,
547 2181 623 2265 quia
645 2183 751 2246 multa
773 2189 805 2247 et
827 2180 914 2245 mira
935 2177 1090 2245 videbant
1112 2180 1230 2263 allus
1254 2173 1258 2180 ’
1301 2270 1303 2277 Ι

159 2310 256 2373 quam
278 2289 406 2374 saepire
428 2286 534 2372 plagis
558 2288 676 2355 saltum
700 2286 899 2370 canibusque
922 2285 1007 2352 ciere
1029 2284 1148 2368 5,1249

157 2392 234 2459 inde
257 2411 357 2460 sonus
379 2390 533 2475 sequitur,
558 2391 612 2474 qui
636 2391 761 2458 tardius
784 2389 895 2457 adficit
917 2412 1017 2462 auras
1040 2393 1135 2476 6,183

158 2518 218 2564 nee
241 2498 363 2565 satiare
387 2502 507 2580 queunt
530 2499 710 2582 spectando
734 2517 876 2585 corpora
898 2518 1013 2570 coram
1035 2497 1155 2579 4,1094

158 2609 191 2668 et
212 2619 344 2670 servare
367 2602 431 2670 sibi
452 2619 562 2670 curam
585 2611 772 2691 certumque
796 2605 939 2673 dolorem
962 2603 1083 2680 4‚1059

158 2756 166 2772 .
190 2757 197 2773 .
221 2709 292 2774 solo
315 2707 456 2792 spoliata
479 2711 588 2778 colore
612 2709 759 2794 Corpora
781 2710 878 2789 2842

157 2811 283 2878 solibus
306 2810 455 2879 adsiduis
477 2815 579 2879 multa
600 2815 732 2897 pulsata
751 2814 870 2898 pedum
892 2816 925 2881 vi
947 2815 1044 2899 5352

157 2915 336 3001 spumigeri
359 2916 428 2984 suis
452 2915 594 2984 aduentu
616 2919 758 2986 validive
779 2920 883 2987 leonis
906 2921 1002 3004 5,983

158 3029 190 3086 et
212 3019 354 3104 uigilans
377 3020 488 3087 stertis
512 3042 572 3088 nec
594 3025 722 3091 somnia
743 3044 876 3094 cernere
900 3044 1014 3096 cessas
1035 3026 1153 3110 3,1046

157 3123 296 3191 succidit
318 3131 351 3189 et
373 3126 462 3192 salso
486 3126 624 3194 suffudit
647 3131 777 3214 gurgite
799 3131 911 3198 fossas
933 3132 1030 3214 5,482

156 3231 410 3316 suffunduntque
432 3250 496 3299 sua
517 3236 642 3304 eaelum
665 3234 805 3318 caligine
828 3235 924 3319 6,479

156 3336 242 3421 quod
264 3338 350 3404 tales
373 3337 491 3404 turbae
513 3344 623 3406 motus
647 3359 773 3423 quoque
795 3339 948 3406 materiai
971 3341 1066 3423 2127
1240 3418 1242 3424 .

155 3443 225 3508 tela
247 3441 387 3507 infracta
409 3463 468 3509 suo
490 3444 678 3529 tinguentes
700 3443 861 3527 sanguine
885 3446 977 3516 saevi
999 3445 1118 3529 epate

156 3547 395 3630 etampestate
418 3546 566 3614 interra
589 3547 743 3631 caeloque
767 3556 911 3617 coortast
933 3550 1030 3634 ss‚956

156 3698 164 3715 .
188 3698 197 3716 .
219 3650 330 3734 torpet
351 3650 429 3717 telis
451 3651 577 3734 perfixa
598 3652 730 3737 pavoris
752 3654 850 3737 3,305

154 3755 409 3839 protractaeque
431 3755 548 3824 trabes
570 3755 762 3840 impendent
784 3760 834 3824 ire
856 3765 992 3843 paratae
1016 3759 1114 3842 aaut

154 3857 225 3924 tute
248 3858 310 3926 tibi
333 3858 465 3942 placida
488 3879 664 3944 cumpace
688 3862 762 3944 ss,73

154 3962 314 4049 tympana
335 3965 429 4030 tenta
451 3965 568 4031 tonant
592 4016 599 4032 .
625 4016 633 4031 .
656 3972 688 4032 et
712 3970 864 4052 cymbala
886 3968 1007 4037 circum
1030 3969 1128 4049 2,618

154 4086 214 4132 nec
236 4067 364 4134 ualidas
387 4068 459 4134 aevi
481 4069 569 4136 uires
591 4071 736 4154 perferre
758 4073 891 4157 patique
914 4072 1013 4155 5314

153 4171 327 4243 interualla
349 4171 421 4239 vias
444 4194 586 4240 conexus
608 4175 755 4261 pondera
776 4179 894 4263 plagas
917 4177 1014 4264 5,438
