2924 4740
296 1689 494 1756 Allitteratio
514 1688 633 1754 Latina
656 1709 728 1753 cum
756 1689 817 1753 hoe
840 1693 951 1753 nostro
975 1693 1119 1769 tempore
1141 1684 1307 1750 doctorum

165 1795 293 1860 animos
317 1794 422 1860 denuo
445 1794 477 1858 in
495 1814 530 1859 se
547 1794 715 1875 convertit,
738 1791 943 1857 tum'doctus
959 1791 1014 1856 ille
1038 1791 1075 1854 E.
1092 1789 1307 1855 Woelfflinius

165 1901 197 1966 in
214 1922 251 1965 eo
268 1900 389 1982 libelle,
413 1898 467 1981 qui
484 1897 671 1964 inscribitur
691 1881 865 1983 ἦ1111011110
882 1893 1156 1960 allitterierenden
1172 1895 1306 1959 Verbin-

166 2005 296 2089 dungen
313 2004 371 2067 der
393 2003 609 2068 lateinischen
625 2002 788 2086 81110011οιι
816 2000 1132 2086 (Sitnnngsberichte
1157 1998 1214 2063 der
1237 1998 1306 2082 lrgl.

165 2112 277 2192 boyer.
308 2107 487 2172 Akademie
518 2107 549 2172 d.
572 2107 633 2189 W„
669 2104 1042 2190 pbilos.·philol.·histor.
1072 2104 1191 2168 Klasse
1224 2104 1304 2167 1881

166 2213 223 2277 Bd.
247 2213 289 2277 11.
317 2214 343 2276 1.
366 2211 432 2297 Η.),
455 2211 540 2276 hanc
564 2211 719 2277 orationis
742 2211 879 2295 figuram
897 2208 1144 2294 diligentissime
1160 2229 1307 2292 perseru-

166 2326 251 2383 tatus
268 2323 318 2381 est
334 2336 468 2399 eamque
484 2337 569 2380 nova
585 2316 678 2398 quasi
694 2317 765 2381 luce
782 2314 1043 2381 circumfundens
1060 2313 1305 2392 demonstravit,

166 2443 247 2506 quae
271 2420 341 2485 eius
365 2420 467 2504 origo,
491 2419 735 2502 incrementum,
759 2420 951 2503 frequentia,
975 2426 1008 2484 et
1031 2440 1095 2502 qua
1118 2419 1242 2484 ratione
1266 2420 1307 2484 ab

165 2527 212 2592 eis
235 2524 366 2608 linguis,
396 2544 475 2607 quas
507 2507 592 2589 nune
616 2525 778 2589 Romanas
809 2524 1021 2606 nominamus,
1052 2528 1185 2607 recepta
1209 2530 1305 2588 esset.

164 2629 290 2695 Deinde
320 2631 500 2714 complures
535 2629 681 2695 homines
717 2630 804 2695 docti
835 2630 976 2714 vestigia
1005 2629 1092 2694 illius
1125 2635 1308 2714 prementes

165 2732 364 2817 eandemque
379 2733 465 2799 viam
488 2734 629 2818 ingressi
652 2741 684 2799 01
701 2735 851 2819 supplere
870 2734 949 2799 illud
967 2754 1046 2818 opus
1066 2739 1097 2799 et
1113 2734 1203 2817 11100,
1228 2754 1308 2817 quos

165 2840 301 2904 11100110
336 2845 450 2923 sponte
482 2840 665 2922 quaestioni
695 2840 1003 2923 circumscripserat,
1036 2839 1134 2905 latius
1164 2840 1308 2923 proferre

165 2944 272 3008 eonati
312 2951 395 3008 sunt.
451 2942 667 3008 Woelfflinius
698 2944 783 3008 enim
822 2965 861 3008 ea
899 2951 1023 3008 tantum
1060 2944 1147 3009 illius
1184 2944 1308 3028 figurae

166 3048 313 3131 exempla
337 3055 537 3131 respexerat,
562 3069 644 3131 qnae
668 3048 775 3132 posita
797 3048 829 3112 in
849 3048 934 3112 binis
954 3048 1176 3131 substantivis
1201 3048 1308 3114 adiec-

165 3150 250 3232 tivis,
278 3151 397 3234 verbis,
429 3152 593 3218 adverbiis
628 3152 851 3235 coordinatim,
881 3152 968 3235 quod
999 3153 1119 3236 dicunt,
1155 3154 1239 3219 inter
1271 3175 1306 3219 se

165 3256 344 3321 coniunctis
368 3263 475 3322 certae
499 3256 621 3323 formae
646 3258 787 3341 speciem
810 3257 940 3322 habent.

293 3361 344 3424 Ex
379 3360 420 3426 iis
453 3362 591 3445 primurn
628 3362 762 3426 afferam
796 3362 853 3427 Ph.
889 3362 1146 3445 Thielmannum,
1186 3363 1240 3446 qui
1273 3363 1307 3428 in

165 3463 399 3530 Woelffliniani
421 3465 495 3530 libri
511 3466 734 3550 recognitione
759 3465 972 3552 (Baycrische
997 3466 1307 3551 Gymnasialbltttter

59 3621 63 3628 .
163 3568 284 3635 XVIII.
301 3567 474 3653 Jahrgang
487 3591 563 3654 pag.
586 3571 638 3636 43.
663 3569 767 3656 sequ.)
791 3591 856 3636 101
879 3570 974 3636 modo
998 3572 1169 3636 nonnullas
1194 3576 1306 3636 acutas

164 3681 260 3740 notas
285 3672 420 3758 addidit,
452 3674 512 3740 sed
541 3675 639 3741 etiarn
668 3676 794 3741 censuit
818 3676 1058 3741 allitterationis
1082 3697 1173 3740 usum
1197 3696 1305 3741 eorum

166 3779 347 3861 verborum,
371 3799 453 3862 quae
478 3801 495 3845 e
517 3781 591 3864 lege
615 3787 793 3865 syntaxeos
822 3781 1035 3847 coordinatim
1066 3781 1150 3845 inter
1173 3802 1208 3846 se
1232 3803 1306 3846 con-

165 3881 275 3961 iuncta
287 3890 407 3966 essent,
431 3885 664 3970 compositione
677 3891 709 3950 ct
722 3885 925 3970 oppositione
938 3907 1002 3951 non
1018 3906 1090 3951 esse
1104 3886 1305 3950 exhaustum.

166 3987 374 4069 Confirmavit
397 3990 482 4055 hanc
506 3991 700 4056 sententiam
716 3991 825 4056 allatis
844 3991 1011 4075 exemplis,
1035 3991 1068 4056 in
1092 3991 1208 4074 quibus
1232 3992 1305 4054 sub-

166 4090 342 4160 stantivum
375 4113 446 4159 cum
480 4094 641 4160 adiectivo
676 4096 728 4160 vel
766 4096 897 4160 verbum
936 4116 1007 4160 eum
1041 4116 1075 4160 re
1103 4095 1232 4159 obiecta
1256 4095 1306 4177 (ut
1423 4157 1427 4166 ,

165 4195 363 4264 recentiores
379 4199 583 4283 grammatici
607 4198 732 4286 dicunt)
756 4200 985 4266 allitteratione
1003 4200 1175 4267 coniuncta
1197 4207 1305 4266 certae
