2924 4740
615 367 833 429 ..24-

155 541 388 626 comprendere
421 559 549 625 eoaque
582 541 715 626 gregati
750 537 982 622 coniungendo
1011 555 1162 602 erescere
1200 533 1300 615 6‚456

285 644 362 710 inde
383 645 466 711 haec
488 644 726 729 comprendunt
747 644 834 708 inter
855 663 893 708 se
912 659 1044 724 conque
1057 647 1239 724 gregantur
1259 640 1304 702 Et

287 748 515 833 coniungendo
538 757 690 814 crescunt
712 797 721 812 .
744 798 753 812 .
777 796 786 811 .

158 871 354 919 concursare
376 853 494 919 cadere
516 855 613 935 2215
636 852 852 932 Concursant,
874 850 965 916 eadit
984 851 1019 914 in
1040 857 1147 914 terras
1173 849 1180 929 Ι

140 971 356 1041 ¹concursare
378 957 467 1023 coire
489 958 588 1038 3,3e:'›
610 957 814 1023 Coneursare
836 956 928 1022 coire
950 961 984 1019 et
1009 956 1017 1035 Ι

159 1059 320 1127 conficere
343 1081 487 1128 cremare
512 1062 607 1143 lece
630 1061 835 1128 Coufieerent
856 1111 865 1124 .
888 1110 898 1124 .
922 1064 1138 1126 ,cremarent

159 1181 311 1232 crescere
334 1167 443 1233 creari
465 1166 561 1248 (2527
585 1173 696 1232 cetera
717 1186 806 1248 quae
828 1183 977 1232 scorsum
996 1171 1155 1230 croscum
1179 1164 1186 1245 Ι
1212 1178 1305 1228 scor·

290 1290 424 1353 sumque
446 1276 603 1336 creantur

160 1372 240 1437 dare
263 1373 382 1439 docere
404 1373 500 1456 3355
527 1373 534 1457 Ι
560 1371 646 1455 qnod
671 1393 724 1436 res
746 1372 901 1437 deditae
924 1372 1037 1437 docuit
1058 1392 1130 1436 nos.

160 1475 301 1547 deiicere
324 1478 441 1543 deesse
471 1477 568 1557 3,454
597 1477 707 1541 omnia
736 1477 894 1542 deficiunt
919 1478 926 1562 Ι
951 1485 1050 1560 atque
1072 1497 1137 1541 uno
1159 1482 1308 1558 tempore

292 1581 412 1647 desunt

161 1682 341 1749 dementire
365 1685 532 1768 deliraque
554 1684 616 1748 fari
632 1684 732 1765 3,464
748 1685 908 1750 dementit
925 1686 1011 1751 enim
1025 1686 1196 1768 deliraque
1218 1683 1310 1747 fatur

161 1783 332 1850 demittere
355 1787 534 1854 dissolvere
557 1787 653 1869 eme
679 1791 687 1867 Ι
711 1788 844 1854 demisit
865 1789 1080 1872 dissoluitqne

161 1885 312 1954 diffluere
336 1891 509 1958 discedere
534 1893 628 1974 &435
650 1891 801 1958 diffluere
821 1915 963 1959 umorem
987 1901 1020 1958 et
1041 1894 1171 1957 laticem
1195 1892 1310 1956 disce«

293 1991 370 2059 dere
394 1996 511 2062 cernis.

163 2090 330 2166 discutere
355 2098 538 2166 dissolvere
561 2099 656 2182 &953
680 2100 823 2167 oblatum
851 2103 915 2168 nisi
949 2102 1116 2168 discutere
1139 2121 1177 2165 ac
1205 2101 1211 2181 Ι
1238 2099 1311 2164 cis

294 2200 421 2268 solvere
447 2225 593 2288 quaeque

163 2294 306 2365 disicere
330 2303 505 2392 dissupare
530 2310 621 2393 1,de
651 2309 657 2394 Ι
684 2309 834 2376 disiectis
858 2312 977 2394 disque
1000 2310 1127 2394 supatis

162 2398 307 2473 distrahi
331 2407 482 2499 dispergi
506 2417 599 2499 2,831
624 2464 633 2481 .
657 2465 665 2480 .
689 2416 884 2482 distractast
910 2418 916 2500 Ι
942 2415 1145 2499 dispergitur
1167 2412 1273 2478 omnis

163 2503 355 2621 disturbare
378 2516 561 2590 dissolvere
586 2521 680 2604 1,559
708 2527 714 2600 Ι
740 2519 933 2589 disturbans
956 2521 1207 2602 dissoluensque

164 2605 313 2682 dividere
336 2620 418 2693 dare
441 2630 558 2712 5,1108
587 2633 592 2710 Ι
619 2627 760 2694 divisere
783 2637 881 2713 atque
904 2628 1024 2694 dedere

166 2710 318 2788 dubitare
342 2726 509 2818 indignari
532 2734 649 2819 caele
672 2741 708 2799 tu
729 2755 806 2799 vero
823 2734 989 2801 dubitabis
1013 2733 1021 2819 Ι
1045 2741 1077 2798 et
1094 2729 1312 2815 indignabere

298 2829 390 2901 obire

167 2919 242 2987 ⁰¹5&
265 2929 350 3017 ‘llil'i
374 2939 450 3024 3‚58
475 2944 647 3011 eliciuntur
670 2949 702 3010 et
725 2942 859 3028 eripitur
884 2944 890 3026 Ι

168 3040 337 3116 omergere
361 3045 478 3115 exilire
501 3050 597 3134 2300
624 3055 628 3128 Ι
655 3056 824 3133 emergant
847 3047 1046 3130 exiliantque

170 3128 282 3202 fecere
305 3139 401 3232 fungi
426 3154 519 3236 1,443
544 3156 586 3220 At
608 3154 719 3219 facere
743 3159 775 3218 et
797 3153 891 3237 fungi
917 3154 923 3233 Ι

172 3234 256 3305 ltt‘ri
279 3241 385 3317 ferire
409 3255 507 3340 4,325
530 3309 538 3326 .
562 3310 569 3325 .
592 3308 600 3324 .
623 3258 775 3325 feruntur
797 3258 838 3322 Et
860 3256 986 3324 feriunt

173 3340 254 3412 torri
276 3347 383 3423 fluere
406 3362 503 3447 4,422
526 3417 533 3431 .
558 3415 566 3431 .
589 3365 696 3430 omnia
718 3364 799 3430 ferri
820 3365 862 3428 dt
884 3363 990 3428 fluere
1014 3410 1022 3425 .
1046 3409 1054 3425 .
1079 3408 1088 3425 .

174 3445 286 3539 'mliii
309 3457 395 3533 findi
419 3472 512 3554 1‚533
538 3522 545 3539 .
571 3522 578 3538 .
602 3492 663 3537 neo
685 3470 796 3555 frangi
823 3480 827 3553 Ι
853 3489 912 3536 nec
934 3466 1021 3534 lindi
1045 3516 1053 3532 .
1078 3515 1086 3531 .
1110 3516 1118 3532 .

176 3551 329 3632 troadae
353 3568 474 3645 florere
497 3577 593 3662 5314
619 3579 625 3658 Ι
651 3575 804 3642 frondent
827 3581 924 3659 atque
947 3573 1055 3640 omnia
1077 3573 1199 3638 florent

176 3657 352 3748 'melicae
375 3676 539 3766 lmpcdlre
562 3681 676 3765 4‚1141
702 3680 884 3765 implicitus
911 3680 917 3766 Ι
944 3698 1069 3763 quoque
1085 3675 1195 3761 possis
1217 3675 1319 3758 inque

309 3778 438 3861 peditus

179 3867 360 3949 inclaruere
391 3887 563 3976 increpare
594 3888 690 3974 3,952
721 3937 794 3956 ...
825 3887 984 3954 inclamet
1011 3885 1016 3972 Ι
1043 3884 1149 3970 magis
1179 3888 1211 3949 et
1239 3902 1320 3948 voce

311 3986 459 4079 increpet
482 3995 547 4061 acri

181 4076 323 4159 ‘lellrcrc
347 4093 459 4164 labere
475 4097 571 4182 sace
589 4096 781 4165 Coniectura
796 4095 1011 4164 Lachmanni:
1032 4097 1037 4183 Ι
1057 4095 1180 4160 delirat
1194 4093 1321 4178 lingua,
1360 4139 1363 4144 -

312 4197 405 4271 lebet
426 4223 524 4272 mens.
