2924 4740
592 390 805 453 -49-

130 581 260 631 comere
284 584 356 628 eum
381 580 517 647 corpore
542 565 616 645 4,ἳῖ
638 567 642 640 Ι
663 584 734 629 eum
757 562 893 647 corpore
917 561 1049 646 compta
1070 563 1197 648 vigeret

130 668 309 735 consistere
332 668 364 733 in
389 668 512 753 campis
537 670 633 750 2332
656 668 688 731 in
707 672 713 748 Ι
733 667 856 751 campis
880 666 1059 732 consistere
1082 667 1199 751 fulgor.

130 779 280 839 constare
289 771 332 836 ad
345 771 666 854 sedecennalem
677 772 719 837 ad
737 772 744 854 Ι
764 769 959 837 credendum
974 778 1110 854 constet,
1122 771 1271 857 idemque

131 897 320 945 consumere
352 876 384 941 in
416 878 501 942 curis
534 880 650 961 alass
675 930 681 944 .
708 928 714 943 .
738 880 770 943 in
796 878 882 943 euris
902 879 907 960 1
928 877 1087 944 consumit
1121 876 1271 941 inanibus

260 1002 384 1064 aevom,

131 1085 329 1154 contendere
352 1091 468 1153 contra
492 1105 623 1152 causam
648 1088 744 1170 4‚469
771 1139 777 1152 .
802 1138 809 1152 .
835 1095 951 1153 contra
971 1087 975 1171 Ι
996 1087 1121 1151 mittam
1139 1092 1272 1152 conten·

261 1194 337 1256 dere
361 1208 512 1272 causam.

131 1294 236 1362 creari
260 1317 281 1359 a
304 1293 400 1360 corde
424 1295 520 1378 2,269
544 1318 564 1360 a
587 1294 684 1361 corde
708 1296 812 1361 creari
836 1301 915 1360 extr.
941 1295 1026 1359 inv.

129 1399 235 1466 flucre
256 1399 290 1464 in
313 1399 443 1465 foveam
467 1399 563 1482 2476
587 1450 595 1468 .
619 1451 626 1464 .
649 1400 682 1465 in
703 1401 707 1482 Ι
728 1400 858 1465 foveam
880 1401 965 1465 fluat
989 1420 1028 1465 ao
1053 1406 1270 1483 mansuescat,

130 1503 258 1572 moveri
281 1503 323 1569 ad
346 1520 479 1572 momen
502 1504 599 1587 3,144
622 1504 663 1569 ad
680 1525 796 1570 numen
816 1507 821 1589 1
841 1505 962 1570 mentis
986 1521 1181 1588 momenque
1198 1522 1270 1571 mo-

261 1616 363 1674 vetur.

131 1713 255 1780 muniri
279 1735 296 1778 e
320 1714 436 1780 multis
459 1713 592 1779 milibus
617 1713 870 1796 assensibus
894 1735 911 1780 e
935 1714 1051 1780 multis
1072 1716 1077 1800 Ι
1096 1716 1183 1780 vallo
1197 1734 1272 1782 mu·

261 1818 348 1883 nitur
371 1819 503 1900 eburno,

131 1930 244 2006 petere
268 1944 287 1987 a
310 1924 430 2007 populo
448 1923 914 2007 3,994quipetereap0pu10
935 1927 939 2005 Ι
959 1923 1066 1989 fasces
1090 1942 1273 2008 saevasque

262 2044 403 2106 secures,

131 2151 253 2214 ponere
277 2133 310 2195 in
332 2129 451 2214 pedum
474 2131 597 2212 pressis
622 2130 724 2212 signis
748 2131 800 2211 3,3
824 2131 920 2212 inque
937 2130 1031 2194 Ficta
1053 2131 1172 2215 pedum
1187 2150 1273 2215 pono

262 2236 385 2320 pressis
409 2234 549 2317 vestigia
573 2233 675 2317 signis

133 2341 314 2425 exprimere
337 2340 370 2404 in
392 2345 509 2422 puteos
533 2337 629 2415 6,847
654 2337 815 2418 exprimat
837 2337 868 2401 in
892 2339 1033 2420 puteos!

134 2444 275 2512 reddere
299 2465 340 2509 ex
363 2444 463 2509 rebus
487 2441 669 2523 2,179tex
693 2442 793 2512 rebus
817 2441 957 2506 reddere
982 2442 1100 2523 multis,

132 2550 292 2635 repellere
316 2570 336 2614 a
356 2548 485 2613 ratione
510 2545 605 2628 2645
629 2568 649 2608 a
671 2567 748 2610 vera
771 2546 899 2610 ratione
922 2547 1065 2629 repulsa.

133 2653 309 2722 succedere
339 2654 372 2718 in
401 2671 560 2719 summum
593 2651 887 2729 concrememur
914 2658 945 2715 et
970 2652 1053 2714 1273
1076 2651 1274 2734 nequiquam

256 2759 415 2843 'quoniam
439 2757 480 2823 ad
501 2757 505 2841 Ι
525 2774 685 2822 summum
709 2754 887 2822 succedere
911 2755 1075 2820 honorem.

130 2864 302 2930 tabescere
326 2866 434 2929 taetro
457 2862 490 2925 in
515 2860 612 2926 odore
636 2860 732 2941 &579
755 2861 787 2924 iu
808 2863 813 2938 ί
833 2861 942 2925 taetro
965 2860 1118 2926 tabescat
1142 2858 1250 2940 odore,

131 2971 271 3034 tremere
293 2968 326 3032 in
350 2969 441 3032 terra
464 2965 560 3047 &642
584 2973 618 3028 ut
640 2966 779 3030 tremere
802 2965 835 3029 in
859 2967 975 3047 terra}
1056 2995 1059 3000 ·

132 3071 268 3139 volitare
290 3072 374 3136 inter
397 3071 489 3136 rivos
512 3070 587 3150 4‚38
611 3069 809 3136 interrivos
833 3069 970 3135 volitare
994 3069 1026 3133 in
1051 3074 1132 3132 extr.
1156 3068 1198 3150 u}

133 3245 165 3312 4.
189 3244 341 3312 Verbum
367 3263 446 3311 cum
470 3245 636 3311 adverbio
668 3245 928 3310 ullitteratione
959 3245 1183 3309 coniunctum
1209 3245 1275 3311 est.

135 3385 312 3452 acervatim
323 3384 526 3450 accumulare
536 3383 651 3464 6,]261
668 3432 675 3447 .
695 3383 895 3447 ,acervatim
915 3385 921 3464 Ι
941 3402 1025 3447 mors
1039 3383 1274 3447 accumulabat.

134 3489 242 3556 acrius
267 3487 436 3555 advertere
455 3487 580 3552 animos
603 3486 646 3551 ad
669 3485 794 3565 ..3,54
818 3486 925 3551 aerius
953 3486 1127 3551 advertunt
1151 3485 1275 3551 animos

286 3591 291 3676 i
312 3591 354 3656 ad
377 3591 565 3676 religionem

138 3705 252 3784 aperte
275 3716 433 3781 apparere
458 3698 550 3779 2‚141
573 3699 578 3776 Ι
598 3696 705 3780 plagis
730 3701 867 3779 apparet
891 3701 1014 3778 aperte.

132 3805 165 3871 in
190 3822 317 3872 cassum
341 3800 459 3867 cadere
476 3800 593 3882 2,1165
617 3800 762 3864 crebrius
785 3801 818 3865 in
842 3819 972 3866 cassum
993 3801 997 3887 y
1018 3799 1274 3878 manuumlceoi-

264 3905 351 3970 disse
374 3906 513 3987 labores,

132 4012 227 4079 citius
251 4009 367 4077 cedere
391 4010 487 4090 2334
511 4008 568 4074 sed
592 4007 687 4073 citius
712 4008 829 4072 cedunt
850 4017 854 4090 Ι

133 4118 247 4185 crebro
263 4113 381 4181 cudere
399 4114 514 4194 1,1043
531 4112 648 4180 endere
666 4113 750 4177 euim
768 4114 881 4179 crebro
902 4116 907 4194 Ι
925 4119 1063 4196 possunt
1083 4119 1274 4196 partemque

260 4238 389 4300 moran,
