2924 4740
629 368 819 431 ..4-

157 544 205 610 rei
229 544 390 609 sententia
404 542 584 607 litterarum
604 542 696 607 suavi
712 548 768 606 aut
789 541 906 626 grandi
923 549 978 607 aut
993 543 1081 608 molli
1097 548 1152 608 aut
1167 540 1297 609 horrido

159 670 238 714 sono
262 647 488 726 adumbratur,
516 646 664 729 quotiens
688 645 800 711 brevia
824 653 984 711 commata
1007 648 1109 712 altero
1133 648 1228 712 alteri
1250 668 1298 712 re-

160 751 338 836 spondente
360 751 588 832 homoeoareto
612 751 707 834 paulo
730 749 852 815 firmius
879 750 962 815 inter
985 771 1020 815 se
1044 750 1297 834 coniunguntur3

160 857 308 940 quotiens
341 856 374 921 in
405 855 637 939 descriptione,
668 856 701 919 in
725 855 965 921 enumeratione
995 861 1123 938 extant,
1160 855 1298 937 denique

160 963 307 1044 quotiens
319 960 451 1027 insolita
462 961 563 1025 verba
573 959 792 1025 homoeoareti
808 980 908 1024 eausa
923 960 1026 1025 eleota
1037 981 1109 1025 esse
1119 959 1297 1024 videntur.“

290 1065 360 1130 Hae
382 1064 482 1149 igitur
505 1064 647 1149 eligendi
662 1063 787 1130 ratione
803 1065 977 1129 observata
997 1063 1036 1129 de
1059 1062 1300 1128 allitterationis

160 1169 192 1234 in
215 1170 364 1235 versibus
387 1169 548 1249 Saturniis
572 1188 632 1233 usu
656 1177 722 1234 tres
745 1166 868 1233 invenit
890 1169 996 1252 leges:

294 1278 318 1338 1.
345 1274 465 1338 Poetae
488 1279 642 1356 quantum
666 1279 838 1357 potuerunt
866 1273 1094 1338 homoeoarota
1116 1271 1149 1337 iu
1173 1272 1300 1337 arsibus

345 1379 544 1442 locaverunt.
1054 1426 1057 1433 .

290 1484 319 1546 2.
345 1481 537 1546 Posterioris
570 1480 764 1546 hemistichii
804 1501 894 1546 arses
929 1480 1150 1564 praetulerunt
1185 1488 1300 1564 poetae

343 1586 514 1670 prioribus,

292 1692 323 1756 3.
347 1691 574 1756 Homoeoareti
597 1679 674 1756 usus
698 1690 864 1755 sollemnis
892 1689 951 1754 fuit
980 1690 1014 1754 in
1036 1689 1225 1772 posterioris
1247 1689 1301 1753 he-

346 1796 499 1862 mistichii
521 1796 626 1880 prima
648 1802 680 1860 et
704 1795 847 1861 secunda
868 1795 1007 1860 arsihus.

294 1901 361 1966 Has
385 1900 502 1966 deinde
525 1903 617 1985 leges
640 1901 672 1966 in
688 1901 836 1966 versibus
857 1901 994 1966 scenicis
1012 1908 1044 1965 et
1058 1900 1197 1965 lreroieis
1213 1919 1302 1965 eoar-

163 2025 262 2086 gnere
279 2012 422 2070 oouatur.
469 2004 540 2084 Qua
554 2006 586 2070 in
604 2006 793 2089 quaestione
808 2025 922 2070 versus
939 2005 1097 2088 heroicos,
1125 2025 1206 2088 ,qua
1230 2010 1302 2068 sunt

162 2107 300 2172 firmiore
333 2111 524 2192 struotura,“
561 2110 602 2174 ad
632 2109 861 2176 homoeoarota
887 2109 920 2174 in
953 2109 1080 2174 arsibus
1116 2108 1303 2193 recipienda

162 2211 382 2295 impeditiores
406 2233 477 2278 esse
506 2214 667 2298 intellegit
697 2213 822 2278 duabus
844 2233 860 2277 e
885 2214 1003 2278 eausis
1049 2213 1133 2277 Nam
1166 2213 1301 2297 primum

164 2316 338 2383 abhorrent
362 2319 404 2392 ah
423 2318 551 2385 arsibus
568 2319 784 2385 dissolvendis
799 2320 910 2400 verba,
927 2340 1042 2401 quasa
1059 2318 1147 2383 brevi
1165 2318 1302 2401 syllaba,

163 2427 198 2484 ut
221 2443 241 2486 a
263 2422 370 2488 iambo
394 2425 445 2488 vel
463 2432 641 2508 anapaesto
658 2422 824 2506 iuoipiunt,
848 2443 907 2488 neo
924 2422 1029 2488 minus
1046 2444 1094 2504 ea,
1119 2443 1201 2505 quae
1218 2421 1299 2486 anti-

164 2526 301 2591 haeehia
323 2527 427 2592 forma
450 2534 533 2608 sunt,
560 2526 676 2593 deinde
700 2527 928 2611 impedimento
953 2535 1026 2592 suut
1046 2548 1200 2592 eeesurae
1224 2526 1303 2609 legi-

164 2631 262 2694 timae
288 2632 518 2715 semiquinaria
541 2640 573 2698 et
596 2631 874 2716 semiseptenaria,
898 2632 960 2696 nisi
977 2631 1063 2715 quod
1085 2631 1119 2696 in
1142 2631 1182 2695 iis
1206 2629 1304 2695 versi-

164 2735 236 2816 bus,
260 2735 312 2818 qui
337 2735 458 2801 habeut
481 2757 650 2801 caesuram
674 2736 862 2818 huoolioam,
892 2744 1007 2820 poetae
1032 2742 1189 2818 quartam,
1214 2734 1305 2818 quin-

166 2848 247 2923 tam,
280 2847 405 2907 sextam
429 2841 543 2924 arsim,
574 2840 607 2905 id
639 2839 724 2924 quod
748 2841 904 2924 exemplis
928 2842 1062 2925 probat,
1086 2861 1164 2924 prae
1189 2838 1305 2904 esteris

165 2946 392 3011 homoeoareto
415 2944 560 3029 insignes
587 2945 776 3011 reddebant.
823 2945 943 3010 Versus
977 2951 1197 3029 pentametros
1221 2943 1305 3006 allit-

167 3050 356 3114 terationem
380 3049 565 3133 plerumque
585 3051 618 3114 in
643 3049 707 3131 lv,
724 3051 761 3114 V.
779 3050 844 3115 arsi
867 3050 987 3116 habere
1004 3049 1159 3132 exemplis
1176 3048 1304 3131 probat.

166 3157 204 3221 ln
227 3152 333 3237 priore
362 3159 470 3218 autem
500 3154 704 3219 hemistichio
737 3155 922 3219 sollemnem
957 3175 1048 3219 usum
1079 3175 1144 3218 non
1177 3159 1306 3217 exstare

168 3265 278 3325 oeuset
295 3257 368 3339 nisi,
395 3278 466 3323 eum
490 3279 602 3324 versus
618 3258 734 3341 aliquis
749 3257 977 3324 homoeoareto
993 3258 1133 3340 finietur,
1158 3258 1306 3323 homoeo-

168 3371 278 3429 areton
303 3363 383 3427 illud
407 3363 537 3448 saepius
560 3364 593 3428 in
615 3363 706 3428 initio
731 3363 895 3446 sequentis
918 3384 1031 3429 versus
1056 3364 1245 3429 continuari.

298 3468 389 3546 Quae
412 3469 439 3534 si
456 3469 563 3535 omnia
578 3468 830 3551 consideramus,
854 3467 1069 3533 eonoedamus
1086 3474 1211 3552 oportet
1233 3486 1307 3530 aue-

169 3581 266 3654 tores,
291 3594 370 3656 quos
395 3595 492 3658 supra
515 3574 688 3655 nominavi,
721 3594 870 3658 egressos
903 3593 975 3638 esse
999 3579 1091 3637 extra
1113 3572 1204 3653 fines,
1229 3591 1309 3654 quos

169 3676 387 3742 Woelfflinius
405 3678 466 3742 sibi
491 3679 561 3762 ipse
586 3677 806 3759 constituerat,
824 3677 877 3761 qui
900 3677 964 3742 alio
986 3679 1058 3742 looo
1082 3676 1160 3762 (Zur
1184 3661 1309 3739 A‘llitre-

170 3782 276 3846 ration
300 3782 365 3846 und
394 3780 466 3847 dem
488 3783 589 3866 Reim,
617 3783 738 3848 Arehiv
761 3783 818 3847 lll.
843 3804 917 3867 pag.
941 3781 1031 3866 443.)
1056 3801 1173 3846 sesua
1197 3786 1310 3862 sponte

170 3887 329 3954 voeabula
360 3893 484 3953 tantum
516 3887 729 3954 coordinatim
764 3887 936 3953 eoniunota
970 3894 1130 3951 tractasse
1161 3885 1239 3950 dioit
1263 3906 1310 3966 eo,

171 3991 257 4075 quod
280 4012 319 4056 ee
340 4012 427 4075 pars,
457 4013 538 4076 quae
562 3993 693 4058 maximi
717 3991 868 4057 momenti
892 3991 933 4056 sit
955 3990 997 4054 ad
1020 3990 1150 4073 linguae
1174 3990 1311 4054 Latinae

171 4096 349 4180 historiam,
374 4097 415 4162 ab
440 4117 487 4180 eo,
512 4098 566 4183 qui
589 4098 711 4183 primus
728 4096 870 4180 oolligat,
895 4095 975 4160 satis
1000 4114 1152 4180 magnum
1169 4096 1312 4178 postulet

173 4201 326 4268 laborem.
