2924 4740
629 317 842 426 ..ag-

166 557 338 602 macerare
355 522 445 602 male
460 521 581 602 babere
593 537 691 619 3,824
703 544 852 603 macerat
864 537 960 620 inque
971 546 1064 604 metu
1084 541 1088 622 Ι
1107 540 1198 606 male
1209 540 1309 606 habet

165 661 336 706 remanere
359 641 482 706 morari
506 641 603 723 6,5l9
620 650 653 706 at
666 661 837 707 remanere
854 641 909 707 diu
936 647 940 723 Ι
968 644 1098 727 pluviae
1113 645 1308 728 longumque

295 745 419 811 morari

165 857 293 916 mutare
316 870 430 916 meare
457 851 548 932 l,787
572 851 604 915 in
630 858 773 917 extremo
796 873 901 918 versu.

165 955 296 1021 officere
320 957 453 1022 obstare
472 956 564 1037 roz-37
582 956 715 1023 officere
728 963 824 1039 atque
837 959 969 1023 obstare
990 957 995 1044 Ι
1015 1008 1023 1039 ,
1042 959 1308 1034 abscesserunt

295 1063 490 1143 obstantque
514 1062 641 1145 figurae

165 1166 353 1248 patefacere
367 1174 539 1248 penetrare
551 1166 644 1246 4,891
660 1186 717 1250 per
729 1166 897 1249 patefacta
908 1168 997 1232 venit
1017 1168 1022 1251 Ι
1041 1175 1279 1252 penetratque.
1297 1219 1305 1235 .

165 1270 309 1353 perferre
331 1269 401 1355 pati
423 1270 521 1351 5,314
543 1270 694 1352 perferre-
711 1271 844 1354 patique
867 1271 899 1336 in
924 1279 1005 1337 extr.
1029 1293 1114 1337 vers.

165 1375 272 1457 perire
294 1383 481 1459 putrescere
497 1375 593 1456 3,343
610 1374 668 1439 sed
684 1375 815 1458 penitus
831 1384 970 1458 pereunt
990 1377 994 1460 Ι
1015 1377 1162 1443 convolsi
1179 1394 1306 1461 conque

292 1487 483 1564 putrescunt
506 1479 735 1565 (Hemisticbia
750 1480 844 1546 huius
860 1501 974 1546 versus
987 1501 1059 1546 cum
1075 1482 1306 1549 allitteratione

291 1584 413 1650 ultimis
436 1584 572 1668 syllabis
597 1587 801 1670 consonant.)

161 1690 293 1773 placere
315 1688 440 1773 pollere
463 1687 598 1767 onam:
622 1688 752 1753 suavius
774 1689 931 1773 imprimis
960 1692 964 1774 Ι
991 1691 1101 1773 placet
1125 1697 1157 1756 et
1178 1692 1303 1775 pollere

291 1793 419 1858 videtur

161 1896 294 1976 planum
317 1896 425 1962 facere
448 1896 589 1981 probare
613 1895 710 1978 2934
730 1898 735 1980 Ι
754 1899 888 1981 planum
912 1897 1020 1963 facere
1044 1905 1140 1980 atque
1163 1900 1304 1982 probare

161 2000 353 2085 praecipere
369 1999 538 2085 possidere
551 1999 669 2082 6,1048
683 2002 870 2085 :praecepit
886 2001 1027 2085 ferrique
1041 2002 1112 2067 vias
1132 2001 1137 2075 Ι
1157 2001 1305 2086 possedit

292 2112 423 2188 apertas

163 2210 373 2289 procumbere
406 2209 551 2294 pandere
585 2210 703 2285 allos
736 2231 795 2276 nec
826 2213 1043 2294 procumbere
1077 2211 1164 2277 humi
1192 2212 1197 2296 Ι
1223 2229 1303 2296 pro·

294 2319 429 2378 stratum
452 2320 485 2378 et
508 2313 652 2396 pandere
675 2317 804 2399 palmas

163 2415 321 2500 progigni
344 2435 558 2500 procrescere
582 2420 680 2498 2566
705 2428 736 2486 et
759 2442 811 2486 res
835 2420 995 2504 progigni
1017 2421 1147 2503 genitas
1169 2437 1304 2503 procre-

290 2541 381 2588 scere
403 2544 501 2608 posse

160 2625 346 2704 provehere
390 2630 577 2712 propellere
619 2630 716 2711 4,193
750 2669 784 2690 =
819 2628 936 2711 &1025
966 2629 973 2711 Ι
1003 2629 1167 2712 provehat
1205 2635 1302 2712 atque

288 2734 456 2815 propellat

158 2852 306 2918 pugnare
329 2837 455 2919 proelia
478 2838 567 2903 obire
590 2838 687 2918 4,964
713 2844 718 2918 Ι
743 2858 890 2922 pugnare
915 2858 953 2903 ac
976 2836 1102 2921 proelia
1124 2837 1214 2904 obire

159 2956 306 3024 pungere
330 2949 503 3025 penetrare
525 2942 622 3024 2460
640 2963 786 3026 pungere
809 2942 855 3006 uti
878 2942 1006 3025 possint
1032 2941 1037 3025 Ι
1064 2962 1179 3026 corpus
1203 2961 1303 3025 pene·

287 3049 437 3128 trareque
461 3067 532 3112 sese
1289 3110 1292 3115 .

163 3149 319 3213 recellere
341 3151 491 3235 recipere
514 3151 610 3234 oete
633 3158 787 3233 retroque
812 3151 940 3216 recellit
963 3152 1004 3215 ut
1027 3151 1156 3235 recipit.
1182 3202 1189 3216 .
1214 3200 1222 3216 .

160 3269 312 3317 recreare
335 3273 453 3338 rogare
477 3255 529 3338 o‚3
547 3280 554 3319 :
572 3263 603 3320 et
626 3262 858 3321 recreaverunt
878 3256 883 3340 Ι
903 3256 1001 3321 vitam
1026 3257 1179 3340 legasque
1203 3275 1300 3339 roga-

289 3357 403 3443 runtt)

158 3515 364 3527 -n—-n—-n

297 3599 323 3669 *)
342 3598 405 3655 Alia
423 3600 540 3670 exempla
559 3601 631 3672 apud
649 3600 810 3664 Lucretium,
829 3600 856 3654 in
875 3599 971 3669 quibus
989 3599 1099 3654 ultimae
1116 3601 1235 3670 syllabae
1253 3603 1299 3657 hs·

156 3685 349 3740 mistiehiorum
367 3691 522 3751 consonant,
541 3691 606 3744 sunt
622 3690 702 3744 haee:

226 3776 302 3836 1,318
320 3789 397 3843 saepe
416 3775 581 3829 salutantum
599 3778 674 3832 tactu
693 3779 847 3845 praeterque
866 3776 1001 3830 meantum

224 3864 302 3923 2420
320 3861 409 3930 etqui
428 3867 612 3933 compungunt
629 3864 711 3918 aciem
730 3863 917 3933 lacrimareque
935 3863 1034 3930 cogunt

122 3948 129 3955 '
224 3949 302 4006 2473
319 3952 361 4000 est
378 3947 447 4003 ratio
468 3950 619 4005 secernendi
637 3966 806 4020 seorsumque
825 3949 929 4005 videndi

225 4032 302 4095 3,454
319 4034 407 4088 omnia
425 4035 551 4090 deficiunt
570 4039 649 4105 atque
667 4053 721 4092 uuo
738 4040 853 4107 tempore
872 4038 969 4092 desunt

225 4120 303 4182 &458
319 4135 432 4176 erescere
450 4125 485 4186 et,
503 4128 535 4177 nt
553 4124 637 4188 docui,
656 4125 737 4179 simul
753 4141 818 4180 aero
837 4125 908 4179 fessa
926 4124 1016 4179 fatisci

223 4205 300 4271 &582
321 4210 401 4278 atque
418 4208 475 4264 ideo
493 4212 571 4267 tauta
591 4213 726 4267 mutatum
744 4215 821 4284 putre
839 4213 916 4268 ruina
