2924 4740
621 372 835 436 -15-2

164 548 345 630 multaque,
369 566 428 629 per
451 547 594 611 trocleas
618 553 651 610 et
673 548 843 629 tympana,
866 547 1011 630 pondera
1033 567 1158 631 magna
1179 549 1275 632 teor

162 703 169 717 .
196 703 203 717 .
226 651 316 718 venti
339 672 446 737 prona
468 651 590 737 premit
611 650 663 717 vis
688 651 786 729 6,5dO

161 757 418 841 noctivagaeque
441 759 533 824 faces
558 756 640 820 caeli
662 757 881 840 flammaeque
903 757 1053 822 volantes
1076 757 1194 838 5‚1189

161 885 222 929 neo
242 863 344 928 validi
366 869 506 948 possunt
528 868 647 948 pontes
669 861 831 927 venientis
855 860 950 943 aquai
976 860 1070 938 1285

163 979 300 1052 vestem,
323 991 383 1035 nec
405 971 534 1054 plumas
558 967 664 1030 avium
688 984 878 1052 papposque
900 965 1040 1031 volantis
1063 965 1160 1048 3,386

166 1127 173 1140 .
200 1126 207 1139 .
233 1074 388 1141 converti
411 1092 604 1155 sursumque
627 1072 747 1154 supina
769 1071 899 1136 reverti
921 1069 1017 1151 4‚439
1147 1120 1150 1128 .

163 1182 320 1248 vivebant
343 1180 427 1244 ferro
450 1177 570 1263 privati
593 1182 687 1261 parte
713 1175 801 1241 virili
824 1174 940 1257 umor

167 1335 174 1350 .
201 1336 208 1351 .
234 1285 320 1352 volvi
344 1284 420 1367 quia
441 1284 503 1348 lux
526 1287 558 1346 et
579 1282 662 1346 luna
683 1279 810 1350 videtur
833 1279 961 1358 amet.

708 1507 765 1587 ΙΙ.

164 1723 392 1803 lllltterutiones
424 1722 454 1800 ln
482 1720 677 1818 conpluribus
711 1721 830 1800 voellus
864 1717 1006 1798 continuis
1040 1721 1166 1802 elusum
1192 1726 1307 1806 littam

455 1891 459 1898 -
571 1845 743 1942 vernoune
769 1845 888 1924 eltuto.

166 2068 174 2081 .
200 2067 206 2081 .
231 2066 238 2081 .
263 2017 296 2080 in
319 2017 415 2080 rebus
440 2017 569 2084 acerbis
585 2018 704 2084 Acrius
721 2019 892 2087 advertunt
910 2016 1034 2084 animos
1053 2016 1094 2081 ad
1117 2005 1307 2105 religionem

296 2121 370 2201 3,53
396 2121 529 2207 (aequat
552 2143 678 2205 quoque
702 2125 838 2188 formam
861 2143 902 2185 aa
924 2121 993 2205 bb.)

169 2274 176 2289 .
202 2275 209 2289 .
233 2227 341 2293 aliena
363 2235 496 2309 repente
515 2227 629 2291 Allata
651 2234 748 2311 atquc
772 2229 862 2296 auris
885 2225 1016 2295 aliunde
1040 2227 1169 2294 obiecta
1192 2231 1308 2298 alienis

297 2330 394 2409 abed

167 2456 228 2500 nec
250 2435 376 2500 calidae
401 2433 496 2498 citius
520 2434 680 2502 decedunt
704 2457 838 2520 corpore
861 2435 970 2501 febres
993 2437 1068 2518 2,34

167 2541 199 2604 in
218 2528 322 2605 noctis
339 2541 479 2624 caligine
496 2559 595 2608 caeca
609 2541 748 2609 Cernere
765 2558 936 2606 censemus
957 2541 1057 2605 solem
1070 2542 1213 2623 4‚454=
1224 2547 1310 2613 aabb

171 2696 178 2710 .
204 2696 211 2709 .
237 2645 382 2710 cervices
406 2644 528 2710 circum
551 2647 733 2728 collumque
757 2652 893 2712 coronat
917 2645 1013 2727 2802
1035 2686 1068 2705 =
1092 2667 1133 2710 aa
1155 2649 1197 2712 bb

169 2800 176 2814 .
208 2801 215 2815 .
241 2749 346 2815 certis
363 2752 459 2815 certa
476 2751 644 2830 genetrice
660 2760 776 2817 creata
792 2749 992 2815 conservare
1004 2766 1111 2831 genus
1128 2757 1313 2820 crescentia

299 2904 307 2918 .
332 2903 340 2918 .
365 2905 371 2918 .
396 2856 492 2936 atos

167 2957 242 3022 inde
264 2957 346 3022 haec
369 2958 605 3043 comprendunt
634 2959 717 3024 inter
749 2980 784 3024 se
809 2976 936 3041 conque
966 2967 1145 3044 gregantur
1167 2964 1209 3027 Et
1233 2982 1310 3030 con-

298 3062 461 3148 iungendo
485 3071 635 3129 creseunt
658 3113 665 3128 .
690 3112 697 3127 .
722 3062 818 3145 qtae
1231 3061 1233 3064 ’

169 3185 256 3247 quae
280 3185 352 3232 eum
376 3167 571 3250 confluxere,
595 3174 707 3233 creant
729 3167 881 3233 incendia
903 3167 994 3232 silvis
1020 3169 1113 3251 l‚903

170 3322 177 3336 .
203 3322 209 3337 .
235 3271 365 3338 decedit
381 3290 517 3358 corpore
541 3279 619 3356 toto,
642 3274 681 3337 ln
703 3274 776 3338 loca
792 3271 990 3337 conveniens
1015 3293 1184 3339 nervorum
1210 3282 1310 3359 certa,

299 3377 425 3459 cietque
449 3379 602 3444 continuo
626 3426 633 3440 .
658 3428 666 3441 .
691 3376 836 3460 corporis
859 3376 979 3458 4‚1035
1003 3397 1092 3459 seqq.

169 3488 225 3546 aut
249 3481 341 3547 corio
365 3489 439 3547 sunt
453 3484 517 3547 Aut
541 3483 636 3547 etiam
656 3482 791 3548 conchis
815 3490 870 3546 aut
894 3482 977 3546 callo
995 3490 1050 3545 aut
1066 3482 1189 3547 cortice
1206 3491 1312 3549 tectae

298 3586 395 3668 4,932
419 3607 485 3669 seq.

170 3709 310 3776 corpora
333 3691 504 3757 discedunt
527 3710 718 3775 conexaque
742 3692 966 3759 convenientis
990 3691 1087 3773 svm

171 3846 178 3860 .
193 3847 200 3862 .
214 3799 360 3881 legiones
375 3820 445 3864 cum
458 3800 636 3864 locacursu
646 3796 838 3881 camporum
853 3799 1023 3883 complent,
1037 3847 1044 3860 .
1058 3846 1066 3862 .
1080 3796 1203 3862 cientes
1216 3797 1312 3875 2323

170 3901 303 3966 flamma
325 3906 422 3971 foras
447 3953 453 3966 .
478 3953 486 3968 .
510 3905 634 3967 Aetnae
662 3901 858 3969 fornacibus
890 3899 981 3965 eltlet
1004 3901 1097 3983 6,681
1123 3941 1158 3960 =
1183 3900 1267 3964 abb
1292 3923 1312 3964 a

171 4006 239 4072 sive
262 4011 353 4076 foras
376 4011 499 4087 fertur,
527 4028 591 4073 non
615 4014 665 4072 est
688 4029 707 4071 a
730 3992 799 4073 ¹fine
822 4008 1004 4089 profectum
1029 4005 1124 4084 1,979
1146 4046 1181 4064 =
1204 4006 1246 4069 ab
1270 4007 1311 4070 ab

170 4112 237 4177 illis
259 4114 363 4180 iratus
388 4163 395 4176 .
420 4163 428 4178 .
451 4111 593 4177 infestus
616 4112 751 4196 inurget
773 4111 892 4195 urbes
917 4161 924 4176 .
949 4160 957 4175 .
981 4151 1015 4171 =
1038 4132 1079 4174 aa
1101 4111 1144 4175 bb

170 4218 302 4284 lubrica
324 4217 474 4304 proluvie
497 4221 593 4303 larga
615 4221 726 4286 lavere
751 4268 758 4283 .
783 4267 789 4283 .
814 4217 909 4300 salv
932 4256 966 4276 =
989 4215 1095 4280 sabb

1103 4336 1136 4389 2*
