2924 4740
619 365 835 429 ..22-

158 556 242 606 exos
265 539 429 625 exanguis
451 541 548 621 5719
570 556 655 606 exos
678 545 710 605 et
733 541 898 624 exanguis
922 590 929 606 .
953 591 961 606 .

158 642 240 708 felix
262 642 391 711 faustus
417 645 512 726 uteo
538 644 542 727 Ι
567 643 650 710 felix
672 643 864 728 faustusque
887 644 1020 711 daretur

159 746 287 814 fractus
309 747 430 815 effetus
455 748 574 833 51150
595 748 736 814 fractast
758 758 851 816 aetas
878 750 883 834 Ι
910 750 1076 835 effetaque
1099 752 1195 816 tellus

158 851 334 920 incolumis
361 853 493 937 integer
523 853 619 934 5348
649 853 885 938 incolumisque
915 855 1003 921 venit
1032 875 1091 940 por
1120 875 1173 921 res
1204 862 1301 940 atquc

289 957 423 1041 integra
445 957 564 1023 transit

158 1061 271 1128 infans
294 1061 430 1146 indigus
453 1062 549 1145 5223
579 1066 584 1138 Ι
609 1063 695 1127 iacet
716 1061 839 1144 inians,
862 1063 999 1149 indigus
1022 1065 1107 1129 omni

157 1167 309 1250 ingratus
317 1166 436 1253 impius
446 1167 698 1250 2,622ingratos
708 1166 832 1232 animos
842 1175 939 1252 atque
947 1167 1049 1252 impia
1064 1174 1199 1251 pectora
1213 1168 1302 1251 uolgi

159 1270 396 1356 liquidissimus
428 1271 616 1339 levissimus
652 1271 750 1354 5500
781 1272 1019 1356 liquidissimus
1051 1273 1163 1342 aether
1196 1275 1303 1356 Atque

291 1375 477 1444 levissimus
499 1378 607 1448 aerias
631 1426 638 1441 .
663 1426 670 1441 .
695 1427 703 1442 .
727 1398 826 1446 auras

159 1502 300 1565 maguus
322 1481 464 1551 inmanis
487 1481 606 1566 4‚1155
633 1502 758 1567 magna
786 1487 884 1564 atque
913 1482 1055 1552 inmanis
1082 1483 1088 1570 Ι
1116 1481 1304 1566 cataplexis

289 1588 456 1672 plenaque

160 1710 303 1776 magnus
325 1692 487 1758 mirabilis
510 1690 629 1776 2,1028
652 1689 697 1757 nil
713 1689 797 1756 adeo
812 1710 970 1776 magnum
993 1713 1097 1777 neque
1113 1699 1180 1758 tam
1202 1691 1304 1757 mira-

290 1796 355 1863 bile
379 1797 550 1881 quicquam

161 1919 305 1984 magnus
327 1900 432 1967 mirus
455 1902 573 1983 51237
602 1900 607 1987 Ι
634 1920 777 1984 magnas
799 1903 966 1985 mirasque
991 1901 1174 1984 relinquunt

160 2006 295 2072 mobilis
328 2005 474 2071 minutus
511 2006 606 2089 4‚341
653 2006 806 2071 mobilior
844 2006 1021 2089 multisque
1055 2005 1211 2071 minutior
1238 2008 1244 2087 Ι
1273 2011 1304 2070 51

291 2129 393 2194 muge
416 2159 423 2176 .
449 2159 457 2175 .
480 2111 577 2193 5226
604 2111 609 2195 Ι
636 2110 773 2175 minutis
795 2109 1037 2194 mobilibusque

160 2214 346 2299 morigerus
368 2213 517 2299 muudus]
539 2215 657 2297 51273
688 2214 928 2297 morigerisque
957 2212 1068 2280 modis
1095 2213 1100 2297 Ι
1128 2220 1160 2279 51
1180 2211 1305 2278 munde

291 2337 426 2405 corpore
450 2320 537 2385 culto

161 2425 285 2489 multus
309 2442 452 2508 magnus
486 2424 601 2507 51029
631 2429 662 2488 51
691 2422 814 2488 multos
838 2422 935 2487 etiam
966 2441 1124 2507 magnos,
1157 2420 1253 2504 2552
1282 2420 1287 2507 Ι

291 2529 425 2613 magnis
441 2529 619 2613 multisque
638 2528 767 2609 coortis,
791 2527 888 2607 4‚902
903 2529 1071 2611 multaque
1088 2547 1144 2611 per
1160 2526 1305 2591 trocleas

293 2639 324 2698 et
346 2635 507 2718 tympana
528 2633 675 2718 pondera
696 2651 823 2716 magna

161 2737 285 2802 multus
307 2737 453 2803 minutus
475 2738 573 2818 5226
595 2785 603 2801 .
628 2785 636 2800 .
662 2737 796 2802 ‚multa
815 2735 821 2818 Ι
840 2735 1032 2819 minutaque
1055 2735 1181 2804 semiue
1206 2753 1304 2804 sucos

162 2841 285 2906 multus
307 2841 412 2907 mirus
434 2841 554 2924 51179
577 2848 609 2907 51
631 2840 728 2910 simul
750 2842 783 2906 in
806 2838 930 2909 somnis
953 2839 1029 2922 quia
1043 2842 1150 2907 multa
1172 2849 1204 2906 et
1218 2841 1306 2906 mira

292 2943 448 3013 videbant

162 3049 287 3114 multus
309 3050 421 3116 mollis
443 3050 541 3135 5814
562 3050 669 3117 multa
691 3056 726 3115 et
747 3048 840 3116 molli
868 3049 873 3133 Ι
899 3048 1053 3133 lanugine
1076 3047 1247 3114 abundans

162 3169 340 3219 occursans
349 3154 560 3240 efficiensque
568 3151 865 3238 u,7ueomnim0dis
885 3152 890 3238 Ι
910 3151 1306 3236 occursansolficiensque

163 3261 258 3341 parvi
282 3260 379 3338 pauci
401 3259 498 3341 5278
520 3260 560 3326 de
583 3259 695 3342 parvis
717 3258 895 3341 paucisque
918 3263 1062 3323 creatast

162 3366 274 3454 pavidi
289 3367 440 3448 palantes
456 3365 553 3449 5972
576 3414 584 3432 .
610 3414 618 3432 .
642 3415 650 3431 .
673 3364 784 3446 pavidi
812 3365 817 3449 Ι
843 3364 996 3445 palantes
1013 3362 1117 3429 noctis
1132 3361 1166 3427 in
1182 3360 1305 3428 umbris

162 3471 313 3557 placidus
335 3478 474 3556 pacatus
496 3470 616 3554 5,1152
639 3492 699 3537 nec
721 3471 850 3537 facilest
865 3466 1031 3553 placidam
1053 3489 1092 3533 ac
1120 3469 1124 3551 Ι
1151 3473 1306 3548 pacatam

294 3575 414 3661 degere
436 3575 536 3641 vitam

162 3682 278 3767 plenus
301 3700 423 3765 parvus
446 3679 543 3764 e,130
566 3699 638 3744 cum
660 3681 760 3766 plena
782 3678 910 3745 animae
933 3676 1100 3744 vensicula
1122 3696 1226 3760 parva

163 3786 353 3871 praeclarus
375 3783 521 3868 pulcher,
544 3783 663 3868 4‚1026
678 3784 792 3850 nuntia
806 3784 969 3868 praeclari
989 3785 1095 3851 voltus
1113 3782 1305 3869 pulchrique

294 3892 411 3958 coloris

163 4002 359 4083 praepostus
381 4001 517 4079 paratus
540 3994 635 4077 5997
658 3999 837 4078 praeposta
859 3999 978 4078 parata
999 3993 1033 4058 in
1057 3998 1137 4058 extr.
1161 4011 1245 4057 vers.

163 4102 287 4186 primus
310 4100 499 4185 potissimus
522 4100 618 4182 3,778
641 4099 748 4182 prima
769 4099 1006 4183 potissimaque
1028 4098 1218 4164 insinuetur.

163 4213 258 4275 recta
279 4212 460 4275 retrorsum
482 4205 578 4289 5293
602 4210 683 4271 extr.
707 4203 740 4270 in
763 4222 860 4270 versu
