2924 4740
618 348 832 422 ¹..2³2..

159 535 291 601 vincere
315 530 423 600 vilare
446 534 543 615 5‚965
566 533 731 615 multaque
754 531 942 612 vinoebant,
969 529 974 614 Ι
999 526 1180 597 vitabant.
1205 574 1212 596 .
1238 579 1245 596 .

158 659 278 705 uouere
301 638 441 704 invitare
457 637 555 719 ,ab-24
570 656 637 719 quo
654 638 808 719 cuiusque
825 635 918 702 oibus
938 637 943 716 l
962 643 1059 703 uocat
1070 643 1167 720 atque
1183 637 1301 703 invitat

288 742 395 808 euntis

287 848 359 912 Hae
381 847 414 912 in
437 854 530 930 parte
561 848 742 930 eomplures
772 845 919 910 invenias
948 844 1195 911 allitterationes
1219 868 1300 929 quas

158 973 199 1016 ex
223 951 386 1016 sententia
408 950 595 1015 Woelfflinii
619 949 727 1015 afferri
750 970 814 1013 non
836 949 992 1033 oportuit,
1022 969 1079 1013 eas
1109 949 1192 1031 dieo,
1217 971 1299 1032 quae

157 1055 267 1120 verbis
291 1054 478 1138 oompositis
514 1053 710 1134 efficiuntur,
741 1073 823 1136 quae
847 1052 936 1116 nulla
958 1052 1024 1116 alia
1046 1054 1109 1118 nisi
1133 1057 1299 1139 praeposi·

158 1161 280 1223 tionum
297 1157 504 1223 similitudine
520 1158 700 1242 insigniora
715 1156 804 1221 fiunt.
843 1157 928 1220 Nam
944 1157 1070 1222 etiamsi
1086 1159 1301 1224 Woelfflinius

160 1286 200 1329 ea
221 1264 322 1328 verba
345 1261 606 1328 allitterationem
630 1262 759 1327 efficere
782 1281 879 1344 posse
903 1261 1061 1341 oonoedit,
1086 1269 1193 1328 tamen
1219 1285 1300 1346 eam,

161 1367 333 1451 quodiam
358 1367 519 1432 sententia
542 1365 784 1431 similitudinem
808 1365 932 1429 formae
956 1364 1085 1448 efficiat,
1110 1389 1173 1433 non
1197 1389 1300 1452 aequo

161 1472 255 1538 modo
267 1471 437 1536 artificium
450 1469 669 1552 orationisque
679 1476 902 1535 ornamentum
913 1468 1060 1554 intellegi
1070 1492 1166 1556 posse
1180 1479 1300 1538 censet.

162 1576 315 1663 (Allitter.
333 1575 487 1640 Verbind.
503 1596 579 1659 pag.
597 1573 643 1660 5.)
681 1575 776 1639 Talia
788 1574 888 1658 igitur
904 1576 1084 1659 composita
1096 1584 1162 1641 tum
1174 1577 1301 1642 demum

159 1669 1301 1765 recepi‚oumeisquaeanteadixideallitterationielooocongruerunt.

690 1873 770 1956 IV.

289 2027 340 2092 Ex
363 2047 435 2092 meo
458 2027 623 2111 proposito
646 2049 732 2094 nuno
747 2027 996 2093 allitterationes
1018 2026 1052 2091 in
1068 2026 1208 2092 medium
1230 2050 1302 2114 pro·

161 2132 279 2206 feram,
313 2152 446 2214 quarum
476 2139 588 2214 partes
618 2153 659 2197 ex
688 2132 856 2198 vocabulis
887 2153 951 2197 non
983 2130 1194 2196 ooordinalim
1229 2155 1302 2199 oon-

162 2235 281 2301 iunotis
310 2242 469 2300 constant.
514 2237 552 2300 In
578 2235 791 2321 dispositione
815 2237 1034 2321 exemplorum
1068 2243 1197 2301 seculus
1232 2245 1302 2307 sum

163 2341 212 2404 W.
236 2338 427 2404 l'dbrardum.

394 2497 440 2563 A.
467 2497 805 2566 coniunctiones
829 2496 1071 2565 nominum.

249 2672 279 2738 l.
306 2669 575 2739 Substantiuum
599 2673 826 2740 eoniunetum
849 2673 1007 2738 osteum
1031 2673 1219 2739 attributo.

292 2831 322 2874 a.
357 2810 683 2877 Substantivum
717 2832 803 2877 oum
838 2809 1055 2876 adieetivo
1088 2812 1305 2900 attributo.

163 2967 300 3014 noervus
324 2950 411 3014 altus
435 2949 530 3032 3‚197
555 3001 562 3015 .
587 3000 594 3016 .
619 2951 705 3016 altus
728 2969 866 3015 acervus
888 2949 921 3014 in
945 2955 1026 3015 extr.
1050 2969 1134 3015 vers.

165 3072 221 3117 aer
243 3059 314 3118 ater
336 3053 444 3136 4336,
468 3054 549 3132 3433
572 3061 707 3137 utroque
731 3056 817 3119 loeo:
842 3054 1002 3120 aer'Ater
1026 3104 1033 3118 .
1058 3105 1065 3119 .
1091 3107 1098 3120 .

166 3162 259 3221 aetas
281 3163 358 3222 ante
380 3165 455 3224 acta
479 3159 575 3241 1334
594 3163 599 3232 Ι
619 3167 695 3225 ante
719 3165 795 3224 anta
817 3163 926 3222 aetate
948 3157 1049 3237 fuere,

166 3281 271 3346 angor
294 3261 412 3329 anxius
433 3263 528 3346 3‚991
552 3304 586 3324 =
609 3263 742 3346 6‚1156;
769 3262 907 3346 „anxius
930 3266 1054 3348 angor“
1075 3269 1212 3347 utroque
1234 3266 1306 3330 looo

294 3367 328 3431 in
351 3372 494 3433 extremo
517 3387 623 3432 versu.

167 3473 295 3542 animus
311 3490 432 3555 aequus
447 3472 554 3555 3‚937‚
573 3473 637 3537 960
652 3492 756 3556 aequo
776 3471 946 3556 animoque
963 3473 1054 3558 napis
1074 3471 1079 3556 Ι
1098 3523 1107 3555 ,
1124 3472 1189 3538 960
1204 3494 1307 3559 aequo

294 3577 403 3643 animo
426 3577 566 3662 agedum
592 3578 597 3664 Ι

165 3684 263 3748 arbor
297 3683 365 3748 alta
400 3681 493 3765 teet
625 3683 701 3748 altis
734 3682 916 3749 Arboribus
941 3731 949 3746 .
974 3731 982 3746 .
1005 3730 1013 3746 .
1037 3731 1046 3763 ‚
1071 3682 1147 3760 230
1181 3682 1307 3747 arboris

294 3789 382 3853 altae
404 3827 439 3847 =
461 3786 577 3866 5,1391
603 3795 683 3853 extr.
706 3789 727 3852 i.
751 3807 836 3854 vers.

168 3889 265 3956 ardor
286 3891 393 3957 acrior
418 3891 514 3973 reeb
537 3891 642 3957 aerior
665 3891 762 3957 ardor
785 3891 887 3975 primo
910 3890 943 3955 in
966 3910 1072 3972 versu,

168 4014 269 4061 aurae
292 3995 400 4061 aeriae
426 3996 518 4078 mu
544 4044 552 4060 .
575 4045 584 4061 .
608 4045 616 4060 .
641 3996 748 4061 aerias
774 3996 779 4079 l
806 4014 905 4061 auras
929 4044 936 4058 .
961 4043 969 4058 .
991 4042 1001 4076 ,
1024 3994 1122 4076 4,930
1145 3994 1243 4060 aeriis
1266 4045 1274 4061 .
1299 4042 1307 4060 .

296 4099 397 4183 auris,
420 4099 516 4176 5,501
536 4105 543 4186 l
563 4099 671 4166 aerias
695 4098 919 4185 superinduit
942 4118 1043 4165 aures
1300 4099 1303 4105 ’

166 4223 267 4270 aures
289 4211 434 4271 attentae
459 4204 556 4289 &920
579 4210 723 4270 attentas
752 4204 757 4291 Ι
784 4203 875 4271 auris
899 4203 1114 4287 animumque,
