2924 4740
624 405 816 466 ..3.-

154 559 426 660 (allitterationis)
456 575 544 661 apud
575 583 703 642 veteres
724 577 942 642 Romanorum
974 581 1088 660 poetas
1118 593 1177 639 usu
1202 571 1296 653 1883,

155 678 324 764 (opusculo
336 681 390 746 via
405 703 444 746 ac
455 680 581 746 ratione
602 681 807 766 composito),
824 680 960 765 primum
975 685 1120 745 veterum
1135 677 1297 742 rhetorum

155 789 187 848 et
209 784 506 868 grammaticorum,
531 784 728 851 Graecorum
752 791 785 850 et
810 786 1039 865 Romanorum,
1061 781 1241 847 doctrinam
1264 786 1297 845 et

154 891 235 955 artis
250 890 412 955 vocabula
426 909 537 955 earum
552 889 737 974 figurarum,
761 909 844 973 quae
867 888 911 954 ad
933 885 1175 952 similitudinem
1196 905 1296 969 quan·

155 993 230 1058 dam
254 1000 286 1058 et
309 993 539 1076 aequalitatem
562 999 595 1058 et
623 994 845 1078 repetitionem
877 993 1048 1058 verborum
1078 989 1296 1074 orationisque

153 1099 369 1164 membrorum
385 1104 545 1183 spectant,
568 1098 817 1183 diligentissime
833 1097 984 1180 illustrat,
1008 1094 1126 1162 deinde
1145 1096 1295 1160 homoeo-

153 1202 246 1284 arcti,
261 1202 552 1269 homoeccatalecti
564 1203 779 1287 similiumque
793 1204 969 1288 figurarum
981 1200 1067 1287 apud
1079 1202 1296 1267 Romanorum

152 1317 267 1391 poetas
288 1327 382 1373 usum
405 1307 549 1393 exponit.

287 1411 497 1480 Woelfflinius
528 1423 636 1480 autem
664 1415 820 1480 formulas
848 1416 889 1479 ab
918 1413 990 1497 ipso
1014 1413 1168 1478 collectas
1189 1409 1295 1474 minus

152 1537 290 1601 poeseos
313 1537 411 1601 quam
433 1521 558 1585 solutae
588 1519 745 1585 orationis
777 1525 809 1584 et
840 1518 998 1585 sermonis
1027 1516 1187 1602 pedestris
1211 1534 1293 1596 esse,

153 1620 215 1686 etsi
239 1643 260 1686 a
282 1620 389 1705 poetis
411 1642 615 1707 nequaquam
637 1622 789 1704 vitentur,
813 1628 934 1688 censet.

281 1725 363 1790 Item
386 1726 594 1794 Buchhcldus
616 1728 740 1794 reiecta
756 1727 940 1812 Westphali
964 1724 1127 1792 sententia
1149 1721 1292 1809 (Griech.

154 1828 276 1895 Metrik
298 1829 341 1895 Il.
363 1833 394 1896 2.
417 1852 494 1916 pag.
523 1833 580 1918 38)
612 1832 875 1898 allitterationem
903 1830 1065 1916 prioribus
1095 1827 1293 1912 temporibus

151 1941 225 2000 ante
248 1935 397 2000 Plautum
421 1936 523 2001 etiam
535 1936 656 2002 maiore
678 1936 711 2001 vi
728 1936 828 2001 fuisse
845 1956 941 2018 quam
963 1935 1036 2018 ipsa
1051 1939 1159 1998 aetate
1175 1930 1292 2011 Plauti,

151 2057 221 2102 eam
244 2039 353 2123 potius
368 2040 508 2105 maxime
524 2041 610 2125 apud
633 2043 781 2106 Plautum
807 2047 839 2105 et
861 2039 1000 2103 Ennium
1024 2038 1183 2120 floruisse,
1207 2035 1293 2121 apud

149 2143 336 2208 Terentium
360 2150 392 2209 et
409 2145 585 2210 Pacuvium
607 2145 671 2210 iam
696 2145 885 2210 decrescere
909 2143 997 2208 dicit.
1043 2144 1169 2209 Novam
1193 2161 1293 2226 quan·

150 2246 224 2312 dam
248 2248 443 2313 sententiam
467 2248 605 2332 profert,
635 2269 706 2314 cum
736 2247 815 2313 dicit
837 2248 975 2332 figuram
1001 2247 1144 2312 infirmas
1168 2253 1293 2310 tantum

148 2351 276 2416 radices
305 2350 338 2416 in
376 2349 486 2416 indole
524 2353 741 2418 Romanorum
775 2352 901 2435 egisse,
945 2371 1142 2436 magnopere
1184 2358 1292 2417 autem

149 2463 319 2539 poetarum
342 2462 422 2540 arte,
446 2458 488 2522 ab
506 2458 612 2524 alieno
636 2464 668 2522 et
683 2457 882 2523 Graecorum
898 2456 1026 2540 quidem
1046 2456 1186 2541 impulsu
1210 2465 1292 2541 orta,

150 2581 222 2627 esse
246 2571 385 2627 auctam.
432 2562 581 2638 Ceterum
604 2562 637 2628 in
660 2562 834 2628 tractanda
856 2562 1097 2644 allitteratione,
1120 2582 1204 2645 quae
1227 2584 1291 2628 non

148 2667 251 2731 solum
274 2667 342 2733 eius
365 2665 484 2734 iudicio
508 2668 630 2739 formas
655 2676 688 2734 et
711 2666 926 2734 coordinatim
949 2673 981 2733 et
996 2689 1061 2733 non
1078 2666 1291 2733 coordinatim

149 2769 338 2836 coniunctas
361 2772 576 2856 amplectitur,
599 2771 634 2836 id
656 2772 859 2856 potissimum
883 2777 1020 2856 spectat,
1044 2772 1115 2857 quis
1139 2771 1182 2837 sit
1205 2773 1293 2837 allit-

146 2874 315 2940 terationis
338 2875 370 2940 in
388 2897 484 2942 vorsu
505 2879 606 2960 locus,
632 2898 749 2962 „quam
763 2877 851 2942 illius
866 2877 900 2942 in
917 2877 1064 2943 thesibus
1081 2877 1291 2943 collocandae

146 2986 262 3063 poetae
287 2980 453 3045 consecuti
477 2981 542 3046 sint
565 2981 781 3065 frequentiam
804 3001 963 3065 quamque
986 2981 1020 3046 in
1043 2980 1181 3064 arsibus,
1210 3001 1291 3065 quos

146 3083 246 3163 pedes
281 3103 377 3166 porro
413 3104 558 3169 quasque
594 3105 686 3150 arses
721 3085 838 3150 ceteris
874 3085 1117 3170 praetulerint*
1164 3084 1290 3152 Deinde

146 3186 387 3253 allitterationis
417 3187 523 3254 forma
553 3196 650 3272 atque
680 3191 900 3275 exemplorum
922 3190 1153 3276 probabilitas,
1184 3198 1289 3255 utrum

147 3311 187 3356 ea
209 3311 250 3356 ex
272 3293 439 3357 voluntate
461 3300 578 3383 poptae
599 3292 748 3378 profecta
772 3295 837 3360 sint
859 3317 902 3360 an
925 3295 1015 3360 casui
1042 3294 1223 3377 tribuenda,
1247 3297 1289 3361 ab

145 3417 184 3461 eo
205 3396 450 3462 accuratissime
467 3386 673 3464 definiuntur.
719 3400 824 3484 Atque
848 3407 935 3466 recte
953 3399 1062 3466 omnia
1075 3421 1115 3466 ea
1138 3402 1288 3485 exempla

146 3500 237 3565 casui
259 3500 383 3582 tribuit,
408 3520 512 3584 „quae
536 3510 713 3569 cernuntur
736 3504 769 3568 in
788 3503 991 3570 substantivo
1014 3523 1086 3568 cum
1101 3505 1290 3590 pronomine

148 3606 335 3686 coniunct03
352 3613 409 3670 aut
423 3606 551 3673 omnino
563 3607 595 3672 in
612 3609 741 3674 nomine
758 3616 790 3675 et
805 3608 994 3694 pronomine
1009 3610 1128 3694 aliquo,
1140 3610 1288 3696 quotiens

146 3709 208 3776 hoc
230 3730 295 3775 non
324 3731 459 3794 gravem
487 3711 520 3776 in
551 3712 714 3778 sententia
743 3714 850 3780 locum
879 3712 1019 3793 obtinet3
1054 3716 1165 3779 autin
1188 3715 1287 3780 verbo

146 3813 323 3898 composito
339 3814 580 3899 praepositione
596 3816 750 3901 repetita3
768 3817 870 3882 autin
887 3817 1101 3900 substantivo,
1115 3818 1287 3901 adiectivo,

146 3917 255 4000 verbo,
279 3917 435 3985 adverbio
460 3940 531 3985 cum
555 3921 795 4006 praepositione
827 3923 879 3987 vel
903 3922 1145 4003 coniunctione,
1176 3931 1231 3988 aut
1253 3925 1287 3989 in

147 4017 271 4087 duabus
294 4022 493 4107 particulis,“
519 4044 592 4090 cum
615 4046 656 4091 ex
672 4027 837 4092 voluntate
853 4032 969 4111 poetae
986 4048 1025 4093 ea
1048 4030 1131 4107 esse,
1154 4035 1189 4093 ut
1211 4050 1285 4094 con-

146 4121 308 4207 cedamus,
330 4129 483 4211 postulet,
510 4129 677 4212 ,quotiens
700 4130 867 4215 pathetica
886 4138 960 4197 sunt
982 4133 1035 4197 vel
1056 4133 1212 4216 parodica
1236 4136 1286 4199 vel

146 4226 267 4296 blanda
288 4233 340 4297 vel
362 4232 449 4298 dulci
472 4235 523 4299 vel
546 4254 683 4301 amoena
704 4237 756 4301 vel
780 4236 903 4303 comica
925 4237 968 4320 vi,
991 4237 1121 4304 omnino
1137 4238 1286 4322 quotiens
